aggId,price,quantity,timestamp,buyerMaker,ignored,coin,month
3664796852,108246.36,0.00023,1756684800178247,False,True,BTC,2025-09
3664796853,108246.36,0.00027,1756684800336066,False,True,BTC,2025-09
3664796854,108246.36,0.00046,1756684800396599,False,True,BTC,2025-09
3664796855,108246.36,0.00711,1756684800555265,False,True,BTC,2025-09
3664796856,108246.36,0.00006,1756684800621249,False,True,BTC,2025-09
3664796857,108246.36,0.001,1756684800842757,False,True,BTC,2025-09
3664796858,108246.36,0.0001,1756684800987807,False,True,BTC,2025-09
3664796859,108246.36,0.00009,1756684801114784,False,True,BTC,2025-09
3664796860,108246.36,0.01274,1756684801171328,False,True,BTC,2025-09
3664796861,108246.35,0.00067,1756684801179847,True,True,BTC,2025-09
3664796862,108246.35,0.00918,1756684801627493,True,True,BTC,2025-09
3664796863,108246.35,0.23198,1756684801627590,True,True,BTC,2025-09
3664796864,108246.35,0.22188,1756684801627694,True,True,BTC,2025-09
3664796865,108246.35,0.26738,1756684801628224,True,True,BTC,2025-09
3664796866,108246.34,0.00045,1756684801628224,True,True,BTC,2025-09
3664796867,108244.11,0.00005,1756684801628224,True,True,BTC,2025-09
3664796868,108243.28,0.00005,1756684801628224,True,True,BTC,2025-09
3664796869,108242.01,0.00005,1756684801628224,True,True,BTC,2025-09
3664796870,108242,0.0003,1756684801629986,True,True,BTC,2025-09
3664796871,108240.94,0.00021,1756684801629986,True,True,BTC,2025-09
3664796872,108240.85,0.00355,1756684801744512,True,True,BTC,2025-09
3664796873,108240.84,0.0007,1756684801744512,True,True,BTC,2025-09
3664796874,108240.8,0.00226,1756684801744512,True,True,BTC,2025-09
3664796875,108240.8,0.00005,1756684801744512,True,True,BTC,2025-09
3664796876,108240.51,0.00005,1756684801744512,True,True,BTC,2025-09
3664796877,108240.51,0.00057,1756684801996980,False,True,BTC,2025-09
3664796878,108240.51,0.00052,1756684802083579,False,True,BTC,2025-09
3664796879,108240.5,0.00006,1756684802128326,True,True,BTC,2025-09
3664796880,108240.5,0.00062,1756684802128456,True,True,BTC,2025-09
3664796881,108240.51,0.00179,1756684802218598,False,True,BTC,2025-09
3664796882,108240.51,0.00115,1756684802468448,False,True,BTC,2025-09
3664796883,108240.51,0.00453,1756684803045398,False,True,BTC,2025-09
3664796884,108240.51,0.00438,1756684803130505,False,True,BTC,2025-09
3664796885,108240.5,0.0039,1756684803158387,True,True,BTC,2025-09
3664796886,108240.51,0.00009,1756684803188009,False,True,BTC,2025-09
3664796887,108240.51,0.0001,1756684803239644,False,True,BTC,2025-09
3664796888,108240.51,0.00227,1756684803538182,False,True,BTC,2025-09
3664796889,108240.5,0.05715,1756684803590512,True,True,BTC,2025-09
3664796890,108240.5,0.10352,1756684803679701,True,True,BTC,2025-09
3664796891,108240.51,0.16,1756684803843578,False,True,BTC,2025-09
3664796892,108240.51,0.00089,1756684803881772,False,True,BTC,2025-09
3664796893,108240.5,0.00461,1756684803959069,True,True,BTC,2025-09
3664796894,108240.5,0.00015,1756684803986764,True,True,BTC,2025-09
3664796895,108240.51,0.00024,1756684804272652,False,True,BTC,2025-09
3664796896,108240.51,0.00013,1756684804514604,False,True,BTC,2025-09
3664796897,108240.51,0.00022,1756684804521255,False,True,BTC,2025-09
3664796898,108240.51,0.00053,1756684804569230,False,True,BTC,2025-09
3664796899,108240.51,0.002,1756684804634328,False,True,BTC,2025-09
3664796900,108240.5,0.00231,1756684804821466,True,True,BTC,2025-09
3664796901,108240.5,0.00041,1756684804858559,True,True,BTC,2025-09
3664796902,108240.51,0.01388,1756684804906789,False,True,BTC,2025-09
3664796903,108240.51,0.002,1756684804961641,False,True,BTC,2025-09
3664796904,108240.5,3.31036,1756684805187025,True,True,BTC,2025-09
3664796905,108240.51,0.00065,1756684805316523,False,True,BTC,2025-09
3664796906,108240.5,0.02771,1756684805448940,True,True,BTC,2025-09
3664796907,108240.5,0.00028,1756684805533660,True,True,BTC,2025-09
3664796908,108240.51,0.00017,1756684806234853,False,True,BTC,2025-09
3664796909,108240.51,0.10259,1756684806240728,False,True,BTC,2025-09
3664796910,108240.51,0.00642,1756684806287612,False,True,BTC,2025-09
3664796911,108240.51,0.00029,1756684806432070,False,True,BTC,2025-09
3664796912,108240.51,0.00222,1756684806996358,False,True,BTC,2025-09
3664796913,108240.51,0.00005,1756684807550339,False,True,BTC,2025-09
3664796914,108240.51,0.00092,1756684807798189,False,True,BTC,2025-09
3664796915,108240.5,0.01003,1756684807808986,True,True,BTC,2025-09
3664796916,108240.51,0.00859,1756684807868083,False,True,BTC,2025-09
3664796917,108240.51,0.03533,1756684808086467,False,True,BTC,2025-09
3664796918,108240.51,0.0011,1756684808240900,False,True,BTC,2025-09
3664796919,108240.5,0.01792,1756684808244371,True,True,BTC,2025-09
3664796920,108240.49,0.0004,1756684808244371,True,True,BTC,2025-09
3664796921,108240.49,0.0001,1756684808244371,True,True,BTC,2025-09
3664796922,108240.48,0.00005,1756684808244371,True,True,BTC,2025-09
3664796923,108240.47,0.00015,1756684808248574,True,True,BTC,2025-09
3664796924,108240.45,0.00163,1756684808248574,True,True,BTC,2025-09
3664796925,108240.26,0.00075,1756684808261654,True,True,BTC,2025-09
3664796926,108240.25,0.00045,1756684808261654,True,True,BTC,2025-09
3664796927,108240.01,0.00015,1756684808261654,True,True,BTC,2025-09
3664796928,108240,0.00017,1756684808261654,True,True,BTC,2025-09
3664796929,108240,0.00142,1756684808315071,True,True,BTC,2025-09
3664796930,108239.99,0.00035,1756684808315071,True,True,BTC,2025-09
3664796931,108239.95,0.00168,1756684808315071,True,True,BTC,2025-09
3664796932,108239.67,0.00025,1756684808315071,True,True,BTC,2025-09
3664796933,108239.66,0.00015,1756684808315071,True,True,BTC,2025-09
3664796934,108239.41,0.00015,1756684808315071,True,True,BTC,2025-09
3664796935,108239,0.00092,1756684808315333,True,True,BTC,2025-09
3664796936,108238.78,0.00005,1756684808315333,True,True,BTC,2025-09
3664796937,108238,0.00005,1756684808315333,True,True,BTC,2025-09
3664796938,108237.87,0.00005,1756684808315333,True,True,BTC,2025-09
3664796939,108237.35,0.0001,1756684808315333,True,True,BTC,2025-09
3664796940,108236.02,0.00005,1756684808315333,True,True,BTC,2025-09
3664796941,108236,0.00005,1756684808315333,True,True,BTC,2025-09
3664796942,108235.31,0.00005,1756684808315333,True,True,BTC,2025-09
3664796943,108234.51,0.00007,1756684808315333,True,True,BTC,2025-09
3664796944,108232.83,0.00051,1756684808447036,False,True,BTC,2025-09
3664796945,108232.82,0.00008,1756684808583277,True,True,BTC,2025-09
3664796946,108232.83,0.00006,1756684808585260,False,True,BTC,2025-09
3664796947,108232.83,0.00014,1756684808943617,False,True,BTC,2025-09
3664796948,108232.82,0.00326,1756684809106734,True,True,BTC,2025-09
3664796949,108232.82,0.00636,1756684809347525,True,True,BTC,2025-09
3664796950,108232.82,0.0034,1756684809768334,True,True,BTC,2025-09
3664796951,108232.82,0.0104,1756684809768994,True,True,BTC,2025-09
3664796952,108232.82,0.4364,1756684809996874,True,True,BTC,2025-09
3664796953,108232.82,0.15838,1756684809996936,True,True,BTC,2025-09
3664796954,108232.82,0.04662,1756684809997067,True,True,BTC,2025-09
3664796955,108232.82,0.002,1756684809997085,True,True,BTC,2025-09
3664796956,108232.82,0.07801,1756684809997140,True,True,BTC,2025-09
3664796957,108232.81,0.00075,1756684809997140,True,True,BTC,2025-09
3664796958,108232.7,0.00172,1756684809997140,True,True,BTC,2025-09
3664796959,108232.46,0.00005,1756684809997140,True,True,BTC,2025-09
3664796960,108232.12,0.00005,1756684809997140,True,True,BTC,2025-09
3664796961,108232.11,0.00015,1756684809997140,True,True,BTC,2025-09
3664796962,108232.02,0.00005,1756684809997140,True,True,BTC,2025-09
3664796963,108232.01,0.26572,1756684809997140,True,True,BTC,2025-09
3664796964,108232,0.00005,1756684809997140,True,True,BTC,2025-09
3664796965,108231.6,0.09273,1756684809999515,True,True,BTC,2025-09
3664796966,108231.6,0.00045,1756684810001824,True,True,BTC,2025-09
3664796967,108231.6,0.00035,1756684810001853,True,True,BTC,2025-09
3664796968,108231.59,0.0001,1756684810001853,True,True,BTC,2025-09
3664796969,108231.59,0.00025,1756684810001853,True,True,BTC,2025-09
3664796970,108231.55,0.00197,1756684810001853,True,True,BTC,2025-09
3664796971,108230.68,0.00005,1756684810001853,True,True,BTC,2025-09
3664796972,108230.67,0.0001,1756684810003014,True,True,BTC,2025-09
3664796973,108230.67,0.00005,1756684810003813,True,True,BTC,2025-09
3664796974,108230,0.00085,1756684810007333,True,True,BTC,2025-09
3664796975,108229.99,0.0004,1756684810007333,True,True,BTC,2025-09
3664796976,108229.59,0.00005,1756684810007333,True,True,BTC,2025-09
3664796977,108229.58,0.0002,1756684810007333,True,True,BTC,2025-09
3664796978,108229.54,0.00005,1756684810007333,True,True,BTC,2025-09
3664796979,108229.53,0.00007,1756684810007333,True,True,BTC,2025-09
3664796980,108229.53,0.00038,1756684810010537,True,True,BTC,2025-09
3664796981,108229.52,0.00045,1756684810010537,True,True,BTC,2025-09
3664796982,108229.46,0.00071,1756684810010537,True,True,BTC,2025-09
3664796983,108229.46,0.00559,1756684810010537,True,True,BTC,2025-09
3664796984,108229.25,0.01475,1756684810015713,True,True,BTC,2025-09
3664796985,108229.24,0.00051,1756684810015713,True,True,BTC,2025-09
3664796986,108229.2,0.00214,1756684810015713,True,True,BTC,2025-09
3664796987,108228,0.00005,1756684810015713,True,True,BTC,2025-09
3664796988,108227.05,0.00005,1756684810015713,True,True,BTC,2025-09
3664796989,108226.6,0.00005,1756684810015713,True,True,BTC,2025-09
3664796990,108226.59,0.14175,1756684810019431,True,True,BTC,2025-09
3664796991,108226.59,0.00184,1756684810025461,True,True,BTC,2025-09
3664796992,108226.59,0.00045,1756684810087315,True,True,BTC,2025-09
3664796993,108226.59,0.00044,1756684810087408,True,True,BTC,2025-09
3664796994,108226.58,0.00001,1756684810087408,True,True,BTC,2025-09
3664796995,108226.58,0.00034,1756684810088968,True,True,BTC,2025-09
3664796996,108226.55,0.00172,1756684810088968,True,True,BTC,2025-09
3664796997,108226.49,0.07374,1756684810088968,True,True,BTC,2025-09
3664796998,108226.57,0.00152,1756684810104682,True,True,BTC,2025-09
3664796999,108226.56,0.00035,1756684810104682,True,True,BTC,2025-09
3664797000,108226.5,0.00005,1756684810104682,True,True,BTC,2025-09
3664797001,108226.49,0.00095,1756684810110626,True,True,BTC,2025-09
3664797002,108226.48,0.00035,1756684810110626,True,True,BTC,2025-09
3664797003,108226.01,0.0002,1756684810110626,True,True,BTC,2025-09
3664797004,108226,0.0003,1756684810110626,True,True,BTC,2025-09
3664797005,108226,0.00098,1756684810111485,True,True,BTC,2025-09
3664797006,108225.99,0.03498,1756684810111485,True,True,BTC,2025-09
3664797007,108225.98,0.00133,1756684810111485,True,True,BTC,2025-09
3664797008,108225.57,0.00005,1756684810111485,True,True,BTC,2025-09
3664797009,108225.56,0.00005,1756684810111485,True,True,BTC,2025-09
3664797010,108224.9,0.00607,1756684810111485,True,True,BTC,2025-09
3664797011,108224.72,0.00005,1756684810111485,True,True,BTC,2025-09
3664797012,108224.71,0.04624,1756684810111485,True,True,BTC,2025-09
3664797013,108224.48,0.0003,1756684810115907,True,True,BTC,2025-09
3664797014,108224.47,0.00055,1756684810115907,True,True,BTC,2025-09
3664797015,108224.45,0.0001,1756684810115907,True,True,BTC,2025-09
3664797016,108224.11,0.0091,1756684810115907,True,True,BTC,2025-09
3664797017,108223.73,0.00018,1756684810115907,True,True,BTC,2025-09
3664797018,108223.67,0.00007,1756684810115907,True,True,BTC,2025-09
3664797019,108221.64,0.00005,1756684810115907,True,True,BTC,2025-09
3664797020,108221.46,0.00005,1756684810115907,True,True,BTC,2025-09
3664797021,108221.26,0.00005,1756684810115907,True,True,BTC,2025-09
3664797022,108221.25,0.00088,1756684810115907,True,True,BTC,2025-09
3664797023,108220.72,0.00018,1756684810115907,True,True,BTC,2025-09
3664797024,108220.05,0.00018,1756684810115907,True,True,BTC,2025-09
3664797025,108220,0.01858,1756684810115907,True,True,BTC,2025-09
3664797026,108219.73,0.06329,1756684810140704,True,True,BTC,2025-09
3664797027,108219.72,0.00035,1756684810140704,True,True,BTC,2025-09
3664797028,108219.7,0.00199,1756684810140704,True,True,BTC,2025-09
3664797029,108219.61,0.00018,1756684810140704,True,True,BTC,2025-09
3664797030,108219.2,0.00025,1756684810140704,True,True,BTC,2025-09
3664797031,108218.94,0.00018,1756684810140704,True,True,BTC,2025-09
3664797032,108218.64,0.03842,1756684810140704,True,True,BTC,2025-09
3664797033,108218.65,0.00103,1756684810149294,False,True,BTC,2025-09
3664797034,108218.64,0.00918,1756684810155989,True,True,BTC,2025-09
3664797035,108218.64,0.01643,1756684810156314,True,True,BTC,2025-09
3664797036,108218.63,0.00035,1756684810156314,True,True,BTC,2025-09
3664797037,108218.5,0.06419,1756684810158092,True,True,BTC,2025-09
3664797038,108218.47,0.00025,1756684810158092,True,True,BTC,2025-09
3664797039,108217.02,0.05649,1756684810305242,True,True,BTC,2025-09
3664797040,108217.02,0.01003,1756684810542458,True,True,BTC,2025-09
3664797041,108217.03,0.00022,1756684810811382,False,True,BTC,2025-09
3664797042,108217.02,0.14361,1756684810814203,True,True,BTC,2025-09
3664797043,108217.02,0.00723,1756684810974907,True,True,BTC,2025-09
3664797044,108217.02,0.02959,1756684810978613,True,True,BTC,2025-09
3664797045,108217.01,0.00065,1756684810978613,True,True,BTC,2025-09
3664797046,108217,0.0022,1756684810978613,True,True,BTC,2025-09
3664797047,108216.84,0.00005,1756684810978613,True,True,BTC,2025-09
3664797048,108216.23,0.00005,1756684810978613,True,True,BTC,2025-09
3664797049,108215.69,0.00005,1756684810978613,True,True,BTC,2025-09
3664797050,108215.68,0.00035,1756684811075393,True,True,BTC,2025-09
3664797051,108215.69,0.0462,1756684811188939,False,True,BTC,2025-09
3664797052,108215.69,0.00041,1756684811218056,False,True,BTC,2025-09
3664797053,108215.69,0.00029,1756684811218305,False,True,BTC,2025-09
3664797054,108215.69,0.00046,1756684811328941,False,True,BTC,2025-09
3664797055,108215.68,0.00155,1756684811381524,True,True,BTC,2025-09
3664797056,108215.69,0.00092,1756684811988196,False,True,BTC,2025-09
3664797057,108215.69,0.0005,1756684812119539,False,True,BTC,2025-09
3664797058,108215.69,0.00036,1756684812174222,False,True,BTC,2025-09
3664797059,108215.68,0.00005,1756684812387721,True,True,BTC,2025-09
3664797060,108215.68,0.0049,1756684812517646,True,True,BTC,2025-09
3664797061,108215.69,0.0002,1756684812645053,False,True,BTC,2025-09
3664797062,108215.68,0.00069,1756684812740629,True,True,BTC,2025-09
3664797063,108215.68,0.00968,1756684812777367,True,True,BTC,2025-09
3664797064,108215.69,0.00049,1756684813012081,False,True,BTC,2025-09
3664797065,108215.68,0.00583,1756684813057868,True,True,BTC,2025-09
3664797066,108215.69,0.00077,1756684813177806,False,True,BTC,2025-09
3664797067,108215.69,0.00009,1756684813188781,False,True,BTC,2025-09
3664797068,108215.69,0.00013,1756684813262679,False,True,BTC,2025-09
3664797069,108215.69,0.00029,1756684813293765,False,True,BTC,2025-09
3664797070,108215.69,0.00092,1756684813382490,False,True,BTC,2025-09
3664797071,108215.69,0.00025,1756684813571276,False,True,BTC,2025-09
3664797072,108215.68,0.09278,1756684813669491,True,True,BTC,2025-09
3664797073,108215.68,0.00064,1756684813770895,True,True,BTC,2025-09
3664797074,108215.69,0.00036,1756684813790373,False,True,BTC,2025-09
3664797075,108215.68,0.00516,1756684814173447,True,True,BTC,2025-09
3664797076,108215.69,0.00065,1756684814482449,False,True,BTC,2025-09
3664797077,108215.68,0.01003,1756684814483345,True,True,BTC,2025-09
3664797078,108215.68,0.00491,1756684814507018,True,True,BTC,2025-09
3664797079,108215.69,0.00294,1756684814597577,False,True,BTC,2025-09
3664797080,108215.69,0.00014,1756684814730780,False,True,BTC,2025-09
3664797081,108215.69,0.00025,1756684814819299,False,True,BTC,2025-09
3664797082,108215.68,0.13679,1756684815040250,True,True,BTC,2025-09
3664797083,108215.68,0.00362,1756684815085409,True,True,BTC,2025-09
3664797084,108215.69,0.00112,1756684815106283,False,True,BTC,2025-09
3664797085,108215.69,0.00007,1756684815189658,False,True,BTC,2025-09
3664797086,108215.68,0.00046,1756684815191580,True,True,BTC,2025-09
3664797087,108215.69,0.0005,1756684815194391,False,True,BTC,2025-09
3664797088,108215.68,0.00582,1756684815217309,True,True,BTC,2025-09
3664797089,108215.69,0.00125,1756684815242398,False,True,BTC,2025-09
3664797090,108215.69,0.00186,1756684815242401,False,True,BTC,2025-09
3664797091,108215.69,0.01069,1756684815243296,False,True,BTC,2025-09
3664797092,108215.69,0.02419,1756684815243506,False,True,BTC,2025-09
3664797093,108215.69,0.00618,1756684815244250,False,True,BTC,2025-09
3664797094,108215.68,0.013,1756684815255365,True,True,BTC,2025-09
3664797095,108215.68,0.0014,1756684815255503,True,True,BTC,2025-09
3664797096,108215.69,0.01327,1756684815318649,False,True,BTC,2025-09
3664797097,108215.68,0.01314,1756684815321579,True,True,BTC,2025-09
3664797098,108215.68,0.00219,1756684815336529,True,True,BTC,2025-09
3664797099,108215.68,0.00199,1756684815392683,True,True,BTC,2025-09
3664797100,108215.68,0.00053,1756684815405101,True,True,BTC,2025-09
3664797101,108215.68,0.00207,1756684816001493,True,True,BTC,2025-09
3664797102,108215.69,0.00004,1756684816052615,False,True,BTC,2025-09
3664797103,108215.69,0.00046,1756684816233933,False,True,BTC,2025-09
3664797104,108215.69,0.01805,1756684816313662,False,True,BTC,2025-09
3664797105,108215.69,0.00148,1756684816340268,False,True,BTC,2025-09
3664797106,108215.68,0.1336,1756684816556518,True,True,BTC,2025-09
3664797107,108215.68,0.00663,1756684816878587,True,True,BTC,2025-09
3664797108,108215.69,0.00031,1756684817090748,False,True,BTC,2025-09
3664797109,108215.68,0.00057,1756684817160791,True,True,BTC,2025-09
3664797110,108215.68,0.00069,1756684817479122,True,True,BTC,2025-09
3664797111,108215.68,0.0002,1756684818002482,True,True,BTC,2025-09
3664797112,108215.68,0.00021,1756684818084639,True,True,BTC,2025-09
3664797113,108215.69,0.001,1756684818237333,False,True,BTC,2025-09
3664797114,108215.69,0.05515,1756684818254535,False,True,BTC,2025-09
3664797115,108215.7,0.00063,1756684818254535,False,True,BTC,2025-09
3664797116,108215.7,0.00007,1756684818254535,False,True,BTC,2025-09
3664797117,108216.23,0.00005,1756684818254535,False,True,BTC,2025-09
3664797118,108219.99,0.00005,1756684818254535,False,True,BTC,2025-09
3664797119,108220,0.0005,1756684818256642,False,True,BTC,2025-09
3664797120,108220.01,0.00015,1756684818256642,False,True,BTC,2025-09
3664797121,108220.91,0.00018,1756684818256642,False,True,BTC,2025-09
3664797122,108221.45,0.00005,1756684818256642,False,True,BTC,2025-09
3664797123,108221.64,0.00005,1756684818256642,False,True,BTC,2025-09
3664797124,108222,0.00014,1756684818259019,False,True,BTC,2025-09
3664797125,108222,0.00005,1756684818259100,False,True,BTC,2025-09
3664797126,108222,0.00924,1756684818334556,False,True,BTC,2025-09
3664797127,108221.99,0.00133,1756684818437976,True,True,BTC,2025-09
3664797128,108221.99,0.00086,1756684818438604,True,True,BTC,2025-09
3664797129,108222,0.00184,1756684818555565,False,True,BTC,2025-09
3664797130,108221.99,0.00008,1756684818986115,True,True,BTC,2025-09
3664797131,108222,0.0009,1756684819072384,False,True,BTC,2025-09
3664797132,108222.01,0.00075,1756684819072384,False,True,BTC,2025-09
3664797133,108223.99,0.00005,1756684819072384,False,True,BTC,2025-09
3664797134,108224,0.00051,1756684819090193,False,True,BTC,2025-09
3664797135,108224,0.00064,1756684819090193,False,True,BTC,2025-09
3664797136,108224.01,0.00035,1756684819090193,False,True,BTC,2025-09
3664797137,108225.99,0.0003,1756684819090193,False,True,BTC,2025-09
3664797138,108226,0.00125,1756684819122416,False,True,BTC,2025-09
3664797139,108226.01,0.0007,1756684819122416,False,True,BTC,2025-09
3664797140,108226.48,0.0001,1756684819122416,False,True,BTC,2025-09
3664797141,108227.05,0.00005,1756684819122416,False,True,BTC,2025-09
3664797142,108228.17,0.00007,1756684819122416,False,True,BTC,2025-09
3664797143,108228.38,0.00005,1756684819122416,False,True,BTC,2025-09
3664797144,108229.99,0.00005,1756684819122416,False,True,BTC,2025-09
3664797145,108230,0.00065,1756684819164978,False,True,BTC,2025-09
3664797146,108230,0.00013,1756684819282204,False,True,BTC,2025-09
3664797147,108229.99,0.00687,1756684819294170,True,True,BTC,2025-09
3664797148,108230,0.01111,1756684819395037,False,True,BTC,2025-09
3664797149,108230,0.00029,1756684819722476,False,True,BTC,2025-09
3664797150,108230,0.00029,1756684819779685,False,True,BTC,2025-09
3664797151,108230,0.0003,1756684819937523,False,True,BTC,2025-09
3664797152,108230,0.00164,1756684820256737,False,True,BTC,2025-09
3664797153,108230.01,0.00065,1756684820256737,False,True,BTC,2025-09
3664797154,108231.6,0.00563,1756684820256737,False,True,BTC,2025-09
3664797155,108231.99,0.00005,1756684820256737,False,True,BTC,2025-09
3664797156,108232,0.00046,1756684820429675,False,True,BTC,2025-09
3664797157,108231.99,0.00113,1756684820503239,True,True,BTC,2025-09
3664797158,108231.99,0.00029,1756684820503471,True,True,BTC,2025-09
3664797159,108232,0.00018,1756684820504460,False,True,BTC,2025-09
3664797160,108231.99,0.04612,1756684820567608,True,True,BTC,2025-09
3664797161,108232,0.0001,1756684820615872,False,True,BTC,2025-09
3664797162,108232,0.0001,1756684820643971,False,True,BTC,2025-09
3664797163,108231.99,0.00173,1756684820696474,True,True,BTC,2025-09
3664797164,108232,0.00035,1756684821112576,False,True,BTC,2025-09
3664797165,108231.99,0.00193,1756684821112926,True,True,BTC,2025-09
3664797166,108232,0.00025,1756684821365569,False,True,BTC,2025-09
3664797167,108232,0.00425,1756684821437035,False,True,BTC,2025-09
3664797168,108231.99,0.00054,1756684821705377,True,True,BTC,2025-09
3664797169,108231.99,0.00054,1756684821705675,True,True,BTC,2025-09
3664797170,108231.99,0.00008,1756684821736035,True,True,BTC,2025-09
3664797171,108231.99,0.00662,1756684821949522,True,True,BTC,2025-09
3664797172,108231.99,0.0038,1756684822255606,True,True,BTC,2025-09
3664797173,108232,0.00024,1756684822268460,False,True,BTC,2025-09
3664797174,108231.99,0.00037,1756684822293254,True,True,BTC,2025-09
3664797175,108232,0.00017,1756684822527564,False,True,BTC,2025-09
3664797176,108231.99,0.03841,1756684822644479,True,True,BTC,2025-09
3664797177,108231.98,0.0007,1756684822644479,True,True,BTC,2025-09
3664797178,108230,0.00005,1756684822644479,True,True,BTC,2025-09
3664797179,108230,0.00006,1756684822682865,False,True,BTC,2025-09
3664797180,108229.99,0.00161,1756684822707148,True,True,BTC,2025-09
3664797181,108229.98,0.00045,1756684822707148,True,True,BTC,2025-09
3664797182,108228.91,0.00025,1756684822707148,True,True,BTC,2025-09
3664797183,108228.9,0.00072,1756684822810105,True,True,BTC,2025-09
3664797184,108228.9,0.02071,1756684822811276,True,True,BTC,2025-09
3664797185,108228.89,0.00075,1756684822811276,True,True,BTC,2025-09
3664797186,108228.84,0.00005,1756684822811276,True,True,BTC,2025-09
3664797187,108227.96,0.00265,1756684822811276,True,True,BTC,2025-09
3664797188,108227.96,0.00773,1756684822811276,True,True,BTC,2025-09
3664797189,108227.96,0.00773,1756684822811276,True,True,BTC,2025-09
3664797190,108227.96,0.02416,1756684822811350,True,True,BTC,2025-09
3664797191,108227.96,0.02416,1756684822811396,True,True,BTC,2025-09
3664797192,108227.96,0.00037,1756684822811483,True,True,BTC,2025-09
3664797193,108227.05,0.00005,1756684822811483,True,True,BTC,2025-09
3664797194,108224.92,0.00005,1756684822811483,True,True,BTC,2025-09
3664797195,108224.81,0.02369,1756684822811483,True,True,BTC,2025-09
3664797196,108224.81,0.12174,1756684822816035,True,True,BTC,2025-09
3664797197,108224.8,0.05786,1756684822816035,True,True,BTC,2025-09
3664797198,108224.06,0.00005,1756684822816035,True,True,BTC,2025-09
3664797199,108224.06,0.001,1756684822834627,False,True,BTC,2025-09
3664797200,108224.05,0.00116,1756684822837929,True,True,BTC,2025-09
3664797201,108224.06,0.00057,1756684823245355,False,True,BTC,2025-09
3664797202,108224.06,0.00324,1756684823470330,False,True,BTC,2025-09
3664797203,108224.06,0.00012,1756684823594311,False,True,BTC,2025-09
3664797204,108224.05,0.08701,1756684823669334,True,True,BTC,2025-09
3664797205,108224.06,0.01856,1756684823943348,False,True,BTC,2025-09
3664797206,108224.05,0.00022,1756684823983136,True,True,BTC,2025-09
3664797207,108224.06,0.00017,1756684824082800,False,True,BTC,2025-09
3664797208,108224.06,0.00067,1756684824388310,False,True,BTC,2025-09
3664797209,108224.06,0.00022,1756684824621533,False,True,BTC,2025-09
3664797210,108224.05,0.00308,1756684824684083,True,True,BTC,2025-09
3664797211,108224.06,0.0019,1756684825084645,False,True,BTC,2025-09
3664797212,108224.05,0.05684,1756684825115790,True,True,BTC,2025-09
3664797213,108224.04,0.00065,1756684825115790,True,True,BTC,2025-09
3664797214,108224,0.00181,1756684825115790,True,True,BTC,2025-09
3664797215,108221.64,0.00005,1756684825115790,True,True,BTC,2025-09
3664797216,108221.46,0.00005,1756684825115790,True,True,BTC,2025-09
3664797217,108221.43,0.00005,1756684825115790,True,True,BTC,2025-09
3664797218,108221.42,0.07679,1756684825118803,True,True,BTC,2025-09
3664797219,108221.43,0.00019,1756684825431239,False,True,BTC,2025-09
3664797220,108221.42,0.00129,1756684825486554,True,True,BTC,2025-09
3664797221,108221.41,0.0007,1756684825486554,True,True,BTC,2025-09
3664797222,108221.4,0.00223,1756684825486554,True,True,BTC,2025-09
3664797223,108220.13,0.00005,1756684825486554,True,True,BTC,2025-09
3664797224,108220.12,0.00107,1756684825497484,True,True,BTC,2025-09
3664797225,108220.11,0.00035,1756684825497484,True,True,BTC,2025-09
3664797226,108220.05,0.0003,1756684825497484,True,True,BTC,2025-09
3664797227,108220.04,0.0004,1756684825497484,True,True,BTC,2025-09
3664797228,108220.04,0.0006,1756684825505876,True,True,BTC,2025-09
3664797229,108220.03,0.00035,1756684825505876,True,True,BTC,2025-09
3664797230,108220,0.0002,1756684825505876,True,True,BTC,2025-09
3664797231,108220,0.06761,1756684825715722,True,True,BTC,2025-09
3664797232,108219.99,0.00065,1756684825715722,True,True,BTC,2025-09
3664797233,108219.85,0.00212,1756684825715722,True,True,BTC,2025-09
3664797234,108219.27,0.00005,1756684825715722,True,True,BTC,2025-09
3664797235,108219.26,0.0074,1756684825809838,True,True,BTC,2025-09
3664797236,108219.26,1.15396,1756684825812308,True,True,BTC,2025-09
3664797237,108219.25,0.00205,1756684825812308,True,True,BTC,2025-09
3664797238,108219.02,0.00025,1756684825812308,True,True,BTC,2025-09
3664797239,108218.96,0.00005,1756684825812308,True,True,BTC,2025-09
3664797240,108218.95,0.06432,1756684825819530,True,True,BTC,2025-09
3664797241,108218.01,0.00005,1756684825821860,True,True,BTC,2025-09
3664797242,108218,0.00015,1756684825821860,True,True,BTC,2025-09
3664797243,108216.23,0.00005,1756684825827991,True,True,BTC,2025-09
3664797244,108216,0.00015,1756684825827991,True,True,BTC,2025-09
3664797245,108215.68,0.00152,1756684825827991,True,True,BTC,2025-09
3664797246,108215.68,0.00118,1756684825836026,True,True,BTC,2025-09
3664797247,108213.78,0.00022,1756684825897325,True,True,BTC,2025-09
3664797248,108213.79,0.00039,1756684825919833,False,True,BTC,2025-09
3664797249,108213.79,0.00074,1756684826556124,False,True,BTC,2025-09
3664797250,108213.78,0.00132,1756684826893586,True,True,BTC,2025-09
3664797251,108213.77,0.00065,1756684826893586,True,True,BTC,2025-09
3664797252,108213.65,0.00172,1756684826893586,True,True,BTC,2025-09
3664797253,108213.13,0.00294,1756684826893586,True,True,BTC,2025-09
3664797254,108212.7,0.00005,1756684826893586,True,True,BTC,2025-09
3664797255,108212.69,0.00663,1756684826945052,True,True,BTC,2025-09
3664797256,108212.7,0.00055,1756684826981457,False,True,BTC,2025-09
3664797257,108212.69,0.00286,1756684827159715,True,True,BTC,2025-09
3664797258,108212.69,0.00122,1756684827344707,True,True,BTC,2025-09
3664797259,108212.69,0.00122,1756684827344823,True,True,BTC,2025-09
3664797260,108212.69,0.00454,1756684827478735,True,True,BTC,2025-09
3664797261,108212.69,0.00454,1756684827478742,True,True,BTC,2025-09
3664797262,108212.7,0.00029,1756684827481033,False,True,BTC,2025-09
3664797263,108212.69,0.00027,1756684827546379,True,True,BTC,2025-09
3664797264,108212.69,0.00453,1756684827602612,True,True,BTC,2025-09
3664797265,108212.69,0.00753,1756684827621159,True,True,BTC,2025-09
3664797266,108212.69,0.00006,1756684827672847,True,True,BTC,2025-09
3664797267,108212.7,0.00019,1756684827711945,False,True,BTC,2025-09
3664797268,108212.69,0.00191,1756684827825047,True,True,BTC,2025-09
3664797269,108212.68,0.00055,1756684827825047,True,True,BTC,2025-09
3664797270,108212.06,0.00005,1756684827825047,True,True,BTC,2025-09
3664797271,108212.05,0.00015,1756684827828349,True,True,BTC,2025-09
3664797272,108211.95,0.0001,1756684827828349,True,True,BTC,2025-09
3664797273,108211.35,0.001,1756684827828349,True,True,BTC,2025-09
3664797274,108211.07,0.00005,1756684827828349,True,True,BTC,2025-09
3664797275,108211.02,0.00044,1756684827828349,True,True,BTC,2025-09
3664797276,108211.02,0.03488,1756684828109345,True,True,BTC,2025-09
3664797277,108211.02,0.0012,1756684828112335,True,True,BTC,2025-09
3664797278,108211.01,0.0033,1756684828112335,True,True,BTC,2025-09
3664797279,108211,0.00181,1756684828112335,True,True,BTC,2025-09
3664797280,108211,0.00025,1756684828112539,True,True,BTC,2025-09
3664797281,108210.87,0.00005,1756684828112539,True,True,BTC,2025-09
3664797282,108210.86,0.24462,1756684828115840,True,True,BTC,2025-09
3664797283,108210.85,0.00194,1756684828115840,True,True,BTC,2025-09
3664797284,108210.82,0.0002,1756684828115840,True,True,BTC,2025-09
3664797285,108210.67,0.00005,1756684828115840,True,True,BTC,2025-09
3664797286,108210.67,0.00027,1756684828301589,False,True,BTC,2025-09
3664797287,108210.66,0.00722,1756684828376291,True,True,BTC,2025-09
3664797288,108210.67,0.00093,1756684828620821,False,True,BTC,2025-09
3664797289,108210.66,0.09176,1756684828670274,True,True,BTC,2025-09
3664797290,108210.66,0.00015,1756684828687645,True,True,BTC,2025-09
3664797291,108210.66,0.00007,1756684828890396,True,True,BTC,2025-09
3664797292,108210.67,0.00098,1756684829069278,False,True,BTC,2025-09
3664797293,108210.66,0.06287,1756684829073090,True,True,BTC,2025-09
3664797294,108210.66,0.01974,1756684829108959,True,True,BTC,2025-09
3664797295,108210.66,0.09952,1756684829112530,True,True,BTC,2025-09
3664797296,108210.66,0.05946,1756684829190530,True,True,BTC,2025-09
3664797297,108210.67,0.00239,1756684829642228,False,True,BTC,2025-09
3664797298,108210.68,0.00065,1756684829642228,False,True,BTC,2025-09
3664797299,108210.82,0.00005,1756684829642228,False,True,BTC,2025-09
3664797300,108210.87,0.00008,1756684829729892,False,True,BTC,2025-09
3664797301,108210.87,0.00028,1756684829806043,False,True,BTC,2025-09
3664797302,108210.87,0.00406,1756684829938649,False,True,BTC,2025-09
3664797303,108210.87,0.18701,1756684830011226,False,True,BTC,2025-09
3664797304,108210.87,0.00053,1756684830037692,False,True,BTC,2025-09
3664797305,108210.87,0.00005,1756684830187737,False,True,BTC,2025-09
3664797306,108210.86,0.00119,1756684830375005,True,True,BTC,2025-09
3664797307,108210.87,0.02771,1756684830399285,False,True,BTC,2025-09
3664797308,108210.87,0.00159,1756684830401252,False,True,BTC,2025-09
3664797309,108210.88,0.00065,1756684830402434,False,True,BTC,2025-09
3664797310,108211.38,0.0003,1756684830404066,False,True,BTC,2025-09
3664797311,108211.39,0.0001,1756684830404066,False,True,BTC,2025-09
3664797312,108216.23,0.00005,1756684830404066,False,True,BTC,2025-09
3664797313,108217.83,0.00605,1756684830404066,False,True,BTC,2025-09
3664797314,108217.83,0.00025,1756684830404066,False,True,BTC,2025-09
3664797315,108217.99,0.0001,1756684830404066,False,True,BTC,2025-09
3664797316,108218,0.02771,1756684830406752,False,True,BTC,2025-09
3664797317,108218,0.00297,1756684830426482,False,True,BTC,2025-09
3664797318,108217.99,0.00011,1756684830431767,True,True,BTC,2025-09
3664797319,108217.99,0.00034,1756684830448256,True,True,BTC,2025-09
3664797320,108218,0.0001,1756684830478002,False,True,BTC,2025-09
3664797321,108218,0.00019,1756684830546706,False,True,BTC,2025-09
3664797322,108218,0.00008,1756684830602803,False,True,BTC,2025-09
3664797323,108217.99,0.00023,1756684830670449,True,True,BTC,2025-09
3664797324,108218,0.03843,1756684830948066,False,True,BTC,2025-09
3664797325,108218,0.09238,1756684831142571,False,True,BTC,2025-09
3664797326,108218,0.00103,1756684831151870,False,True,BTC,2025-09
3664797327,108218,0.001,1756684831180173,False,True,BTC,2025-09
3664797328,108218.01,0.0007,1756684831180173,False,True,BTC,2025-09
3664797329,108220,0.00012,1756684831198247,False,True,BTC,2025-09
3664797330,108220,0.00113,1756684831282082,False,True,BTC,2025-09
3664797331,108220.01,0.00278,1756684831282082,False,True,BTC,2025-09
3664797332,108220.13,0.0052,1756684831282082,False,True,BTC,2025-09
3664797333,108221.19,0.00005,1756684831282082,False,True,BTC,2025-09
3664797334,108221.64,0.00005,1756684831282082,False,True,BTC,2025-09
3664797335,108224.04,0.00005,1756684831282082,False,True,BTC,2025-09
3664797336,108224.05,0.00015,1756684831283903,False,True,BTC,2025-09
3664797337,108224.06,0.00125,1756684831408252,False,True,BTC,2025-09
3664797338,108224.07,0.0007,1756684831408252,False,True,BTC,2025-09
3664797339,108225.99,0.00005,1756684831408252,False,True,BTC,2025-09
3664797340,108226,0.00011,1756684831582291,False,True,BTC,2025-09
3664797341,108226,0.00011,1756684831603905,False,True,BTC,2025-09
3664797342,108225.99,0.00663,1756684831994340,True,True,BTC,2025-09
3664797343,108226,0.00524,1756684832180758,False,True,BTC,2025-09
3664797344,108226,0.001,1756684832290660,False,True,BTC,2025-09
3664797345,108226,0.00015,1756684832468362,False,True,BTC,2025-09
3664797346,108226,0.00126,1756684832579801,False,True,BTC,2025-09
3664797347,108226,0.00074,1756684832579823,False,True,BTC,2025-09
3664797348,108226,0.00045,1756684832580154,False,True,BTC,2025-09
3664797349,108226,0.00005,1756684833069473,False,True,BTC,2025-09
3664797350,108225.99,0.00108,1756684833338587,True,True,BTC,2025-09
3664797351,108225.99,0.00007,1756684833338592,True,True,BTC,2025-09
3664797352,108225.99,0.01744,1756684833401435,True,True,BTC,2025-09
3664797353,108225.99,0.02532,1756684833402704,True,True,BTC,2025-09
3664797354,108225.99,0.01199,1756684833404340,True,True,BTC,2025-09
3664797355,108226,0.00007,1756684833631806,False,True,BTC,2025-09
3664797356,108225.99,0.0074,1756684833743668,True,True,BTC,2025-09
3664797357,108225.99,0.00046,1756684833753367,True,True,BTC,2025-09
3664797358,108225.99,0.00248,1756684833800929,True,True,BTC,2025-09
3664797359,108225.99,0.00124,1756684833801459,True,True,BTC,2025-09
3664797360,108225.99,0.00124,1756684833801842,True,True,BTC,2025-09
3664797361,108225.99,0.00124,1756684833802040,True,True,BTC,2025-09
3664797362,108225.99,0.07366,1756684834181896,True,True,BTC,2025-09
3664797363,108225.98,0.00035,1756684834181896,True,True,BTC,2025-09
3664797364,108225.98,0.0001,1756684834183354,True,True,BTC,2025-09
3664797365,108225.97,0.00035,1756684834183856,True,True,BTC,2025-09
3664797366,108225.25,0.06245,1756684834183856,True,True,BTC,2025-09
3664797367,108223.62,0.0001,1756684834186588,True,True,BTC,2025-09
3664797368,108223.62,0.0001,1756684834186692,True,True,BTC,2025-09
3664797369,108223.62,0.0001,1756684834186849,True,True,BTC,2025-09
3664797370,108223.62,0.0001,1756684834186868,True,True,BTC,2025-09
3664797371,108223.62,0.05347,1756684834190456,True,True,BTC,2025-09
3664797372,108223.62,0.13626,1756684834190589,True,True,BTC,2025-09
3664797373,108223.62,0.0006,1756684834195388,True,True,BTC,2025-09
3664797374,108223.61,0.0009,1756684834195388,True,True,BTC,2025-09
3664797375,108223.6,0.00035,1756684834195388,True,True,BTC,2025-09
3664797376,108223.58,0.00005,1756684834195388,True,True,BTC,2025-09
3664797377,108223.57,0.00015,1756684834195388,True,True,BTC,2025-09
3664797378,108222.54,0.0006,1756684834215329,True,True,BTC,2025-09
3664797379,108222.53,0.00085,1756684834215329,True,True,BTC,2025-09
3664797380,108222.29,0.00005,1756684834215329,True,True,BTC,2025-09
3664797381,108221.64,0.00005,1756684834215329,True,True,BTC,2025-09
3664797382,108221.55,0.00015,1756684834215329,True,True,BTC,2025-09
3664797383,108221.25,0.00156,1756684834215329,True,True,BTC,2025-09
3664797384,108221.2,0.00005,1756684834215329,True,True,BTC,2025-09
3664797385,108220.35,0.00018,1756684834215329,True,True,BTC,2025-09
3664797386,108219.99,0.00005,1756684834215329,True,True,BTC,2025-09
3664797387,108218.3,0.00005,1756684834215329,True,True,BTC,2025-09
3664797388,108218,0.0001,1756684834215329,True,True,BTC,2025-09
3664797389,108217.21,0.00018,1756684834215329,True,True,BTC,2025-09
3664797390,108216.54,0.00018,1756684834215329,True,True,BTC,2025-09
3664797391,108216.35,0.00185,1756684834215329,True,True,BTC,2025-09
3664797392,108216.23,0.00005,1756684834215329,True,True,BTC,2025-09
3664797393,108216.12,0.00005,1756684834215329,True,True,BTC,2025-09
3664797394,108216.11,0.00155,1756684834224023,True,True,BTC,2025-09
3664797395,108216.11,0.00046,1756684834228921,True,True,BTC,2025-09
3664797396,108216.11,0.00099,1756684834229181,True,True,BTC,2025-09
3664797397,108216.11,0.00152,1756684834258419,True,True,BTC,2025-09
3664797398,108216.11,0.00015,1756684834372993,True,True,BTC,2025-09
3664797399,108216.11,0.00747,1756684834471496,True,True,BTC,2025-09
3664797400,108216.12,0.00277,1756684835535856,False,True,BTC,2025-09
3664797401,108216.12,0.00012,1756684835606375,False,True,BTC,2025-09
3664797402,108216.12,0.00296,1756684835802493,False,True,BTC,2025-09
3664797403,108216.12,0.00008,1756684835963953,False,True,BTC,2025-09
3664797404,108216.12,0.00009,1756684836228837,False,True,BTC,2025-09
3664797405,108216.12,0.00008,1756684836728343,False,True,BTC,2025-09
3664797406,108216.12,0.00008,1756684836787675,False,True,BTC,2025-09
3664797407,108216.12,0.00007,1756684836875743,False,True,BTC,2025-09
3664797408,108216.12,0.00012,1756684836964897,False,True,BTC,2025-09
3664797409,108216.11,0.00662,1756684836976788,True,True,BTC,2025-09
3664797410,108216.12,0.00121,1756684837031874,False,True,BTC,2025-09
3664797411,108216.11,0.00006,1756684837464356,True,True,BTC,2025-09
3664797412,108216.12,0.00006,1756684837622277,False,True,BTC,2025-09
3664797413,108216.12,0.0014,1756684837870907,False,True,BTC,2025-09
3664797414,108216.11,0.00031,1756684837971278,True,True,BTC,2025-09
3664797415,108216.11,0.00008,1756684837990758,True,True,BTC,2025-09
3664797416,108216.11,0.00684,1756684838145654,True,True,BTC,2025-09
3664797417,108216.11,0.08594,1756684838669565,True,True,BTC,2025-09
3664797418,108216.12,0.00005,1756684838932507,False,True,BTC,2025-09
3664797419,108216.12,0.00028,1756684839027360,False,True,BTC,2025-09
3664797420,108216.12,0.00328,1756684839716234,False,True,BTC,2025-09
3664797421,108216.11,0.00033,1756684839989471,True,True,BTC,2025-09
3664797422,108216.11,0.00036,1756684839990150,True,True,BTC,2025-09
3664797423,108216.11,0.00081,1756684840250950,True,True,BTC,2025-09
3664797424,108216.12,0.00729,1756684841190877,False,True,BTC,2025-09
3664797425,108216.12,0.00074,1756684841285614,False,True,BTC,2025-09
3664797426,108216.12,0.00018,1756684841312629,False,True,BTC,2025-09
3664797427,108216.12,0.04,1756684841410739,False,True,BTC,2025-09
3664797428,108216.12,0.013,1756684841478135,False,True,BTC,2025-09
3664797429,108216.12,0.23336,1756684841518130,False,True,BTC,2025-09
3664797430,108216.12,0.002,1756684841518273,False,True,BTC,2025-09
3664797431,108216.12,0.23692,1756684841519391,False,True,BTC,2025-09
3664797432,108216.13,0.0005,1756684841519391,False,True,BTC,2025-09
3664797433,108216.23,0.00005,1756684841519391,False,True,BTC,2025-09
3664797434,108219.99,0.00005,1756684841519391,False,True,BTC,2025-09
3664797435,108220,0.0007,1756684841521922,False,True,BTC,2025-09
3664797436,108220.01,0.00035,1756684841521922,False,True,BTC,2025-09
3664797437,108220.93,0.0063,1756684841521922,False,True,BTC,2025-09
3664797438,108221.45,0.00005,1756684841521922,False,True,BTC,2025-09
3664797439,108221.64,0.00005,1756684841521922,False,True,BTC,2025-09
3664797440,108221.99,0.00005,1756684841521922,False,True,BTC,2025-09
3664797441,108222,0.00015,1756684841522668,False,True,BTC,2025-09
3664797442,108223.62,0.00005,1756684841522668,False,True,BTC,2025-09
3664797443,108223.99,0.00005,1756684841522668,False,True,BTC,2025-09
3664797444,108224.91,0.00005,1756684841522668,False,True,BTC,2025-09
3664797445,108225.01,0.00005,1756684841522668,False,True,BTC,2025-09
3664797446,108225.99,0.00005,1756684841522668,False,True,BTC,2025-09
3664797447,108226,0.01302,1756684841522668,False,True,BTC,2025-09
3664797448,108226.03,0.00005,1756684841522668,False,True,BTC,2025-09
3664797449,108226.04,0.053,1756684841522668,False,True,BTC,2025-09
3664797450,108226.07,0.01353,1756684841522668,False,True,BTC,2025-09
3664797451,108226.07,0.00847,1756684841522698,False,True,BTC,2025-09
3664797452,108226.25,0.00202,1756684841522698,False,True,BTC,2025-09
3664797453,108227.05,0.00005,1756684841522698,False,True,BTC,2025-09
3664797454,108227.11,0.00005,1756684841522698,False,True,BTC,2025-09
3664797455,108227.12,0.01641,1756684841522698,False,True,BTC,2025-09
3664797456,108227.12,0.00087,1756684841527669,False,True,BTC,2025-09
3664797457,108227.12,0.00202,1756684841532751,False,True,BTC,2025-09
3664797458,108227.12,0.09237,1756684841626868,False,True,BTC,2025-09
3664797459,108227.12,0.00393,1756684841634434,False,True,BTC,2025-09
3664797460,108227.13,0.0007,1756684841634434,False,True,BTC,2025-09
3664797461,108227.15,0.002,1756684841634434,False,True,BTC,2025-09
3664797462,108228.17,0.00007,1756684841634434,False,True,BTC,2025-09
3664797463,108228.42,0.00005,1756684841634434,False,True,BTC,2025-09
3664797464,108228.43,0.0019,1756684841644210,False,True,BTC,2025-09
3664797465,108228.43,0.00165,1756684841782073,False,True,BTC,2025-09
3664797466,108228.44,0.0006,1756684841782073,False,True,BTC,2025-09
3664797467,108230,0.00005,1756684841782073,False,True,BTC,2025-09
3664797468,108231.84,0.00005,1756684841782073,False,True,BTC,2025-09
3664797469,108231.98,0.00006,1756684841782073,False,True,BTC,2025-09
3664797470,108231.99,0.00005,1756684841782073,False,True,BTC,2025-09
3664797471,108232,0.00013,1756684841986213,False,True,BTC,2025-09
3664797472,108231.99,0.00258,1756684842034429,True,True,BTC,2025-09
3664797473,108232,0.0004,1756684842036928,False,True,BTC,2025-09
3664797474,108231.99,0.00015,1756684842355153,True,True,BTC,2025-09
3664797475,108231.99,0.00775,1756684842381908,True,True,BTC,2025-09
3664797476,108231.99,0.0025,1756684842453776,True,True,BTC,2025-09
3664797477,108231.99,0.0042,1756684842469110,True,True,BTC,2025-09
3664797478,108231.99,0.00348,1756684842667189,True,True,BTC,2025-09
3664797479,108232,0.007,1756684843181603,False,True,BTC,2025-09
3664797480,108231.99,0.00501,1756684843347943,True,True,BTC,2025-09
3664797481,108231.99,0.09574,1756684843669651,True,True,BTC,2025-09
3664797482,108232,0.00092,1756684843799953,False,True,BTC,2025-09
3664797483,108231.99,0.00184,1756684843950396,True,True,BTC,2025-09
3664797484,108231.99,0.09631,1756684844413847,True,True,BTC,2025-09
3664797485,108232,0.0019,1756684844654728,False,True,BTC,2025-09
3664797486,108232,0.00054,1756684844685689,False,True,BTC,2025-09
3664797487,108231.99,1.84786,1756684844725826,True,True,BTC,2025-09
3664797488,108232,0.00006,1756684845188436,False,True,BTC,2025-09
3664797489,108231.99,0.00373,1756684845802486,True,True,BTC,2025-09
3664797490,108232,0.00344,1756684845823486,False,True,BTC,2025-09
3664797491,108232,0.0001,1756684845848532,False,True,BTC,2025-09
3664797492,108232,0.00047,1756684846046672,False,True,BTC,2025-09
3664797493,108232,0.00924,1756684846081929,False,True,BTC,2025-09
3664797494,108232,0.00637,1756684846115546,False,True,BTC,2025-09
3664797495,108232,0.00047,1756684846290270,False,True,BTC,2025-09
3664797496,108232,0.00047,1756684846446554,False,True,BTC,2025-09
3664797497,108232,0.00319,1756684846538242,False,True,BTC,2025-09
3664797498,108232,0.0001,1756684846629712,False,True,BTC,2025-09
3664797499,108231.99,0.00079,1756684846816740,True,True,BTC,2025-09
3664797500,108232,0.00007,1756684846973048,False,True,BTC,2025-09
3664797501,108231.99,0.00661,1756684847090962,True,True,BTC,2025-09
3664797502,108231.99,0.00021,1756684847247257,True,True,BTC,2025-09
3664797503,108232,0.00024,1756684847321586,False,True,BTC,2025-09
3664797504,108232,0.0027,1756684847357891,False,True,BTC,2025-09
3664797505,108232,0.00816,1756684847359492,False,True,BTC,2025-09
3664797506,108232,0.00223,1756684847370131,False,True,BTC,2025-09
3664797507,108232,0.00816,1756684847371588,False,True,BTC,2025-09
3664797508,108232,0.00017,1756684847469154,False,True,BTC,2025-09
3664797509,108232,0.00154,1756684847553697,False,True,BTC,2025-09
3664797510,108231.99,0.00067,1756684847666458,True,True,BTC,2025-09
3664797511,108232,0.0366,1756684847799415,False,True,BTC,2025-09
3664797512,108232,0.00007,1756684847913670,False,True,BTC,2025-09
3664797513,108232,0.00278,1756684848062691,False,True,BTC,2025-09
3664797514,108232,0.01,1756684848062691,False,True,BTC,2025-09
3664797515,108232,0.00019,1756684848163795,False,True,BTC,2025-09
3664797516,108232,0.00047,1756684848243047,False,True,BTC,2025-09
3664797517,108232,0.00007,1756684848715115,False,True,BTC,2025-09
3664797518,108232,0.00079,1756684848739510,False,True,BTC,2025-09
3664797519,108232,0.00344,1756684848741520,False,True,BTC,2025-09
3664797520,108232,0.00011,1756684848747605,False,True,BTC,2025-09
3664797521,108232,0.0001,1756684848788964,False,True,BTC,2025-09
3664797522,108232,0.00007,1756684848817526,False,True,BTC,2025-09
3664797523,108232,0.0001,1756684848863570,False,True,BTC,2025-09
3664797524,108232,0.0001,1756684848911644,False,True,BTC,2025-09
3664797525,108232,0.0002,1756684850012839,False,True,BTC,2025-09
3664797526,108232,0.00188,1756684850273292,False,True,BTC,2025-09
3664797527,108231.99,0.00905,1756684850278857,True,True,BTC,2025-09
3664797528,108232,0.02606,1756684850351035,False,True,BTC,2025-09
3664797529,108231.99,0.0099,1756684850358118,True,True,BTC,2025-09
3664797530,108232,0.00397,1756684850409218,False,True,BTC,2025-09
3664797531,108232,0.00259,1756684850843630,False,True,BTC,2025-09
3664797532,108232,0.01404,1756684850845595,False,True,BTC,2025-09
3664797533,108232,0.00189,1756684850854121,False,True,BTC,2025-09
3664797534,108232,0.00814,1756684850856494,False,True,BTC,2025-09
3664797535,108232,0.02623,1756684850857913,False,True,BTC,2025-09
3664797536,108232,0.01,1756684850857913,False,True,BTC,2025-09
3664797537,108232,0.02623,1756684850857918,False,True,BTC,2025-09
3664797538,108232,0.02623,1756684850858155,False,True,BTC,2025-09
3664797539,108232,0.02623,1756684850858317,False,True,BTC,2025-09
3664797540,108232,0.00294,1756684851066690,False,True,BTC,2025-09
3664797541,108232,0.00166,1756684851068679,False,True,BTC,2025-09
3664797542,108232,0.0005,1756684851105718,False,True,BTC,2025-09
3664797543,108232,0.59498,1756684851115578,False,True,BTC,2025-09
3664797544,108232.01,0.0007,1756684851115578,False,True,BTC,2025-09
3664797545,108232.12,0.00005,1756684851115578,False,True,BTC,2025-09
3664797546,108232.13,0.04634,1756684851115578,False,True,BTC,2025-09
3664797547,108232.46,0.00005,1756684851115925,False,True,BTC,2025-09
3664797548,108232.98,0.004,1756684851115925,False,True,BTC,2025-09
3664797549,108233.19,0.00005,1756684851117333,False,True,BTC,2025-09
3664797550,108235.47,0.00565,1756684851122879,False,True,BTC,2025-09
3664797551,108235.48,0.0002,1756684851122879,False,True,BTC,2025-09
3664797552,108236.46,0.00005,1756684851122879,False,True,BTC,2025-09
3664797553,108237.4,0.00006,1756684851122879,False,True,BTC,2025-09
3664797554,108237.45,0.0001,1756684851122879,False,True,BTC,2025-09
3664797555,108237.6,0.00529,1756684851122879,False,True,BTC,2025-09
3664797556,108237.87,0.00005,1756684851122879,False,True,BTC,2025-09
3664797557,108238.53,0.0062,1756684851122879,False,True,BTC,2025-09
3664797558,108238.77,0.00005,1756684851122879,False,True,BTC,2025-09
3664797559,108239.05,0.00007,1756684851122879,False,True,BTC,2025-09
3664797560,108240,0.00312,1756684851136289,False,True,BTC,2025-09
3664797561,108240,0.00385,1756684851257555,False,True,BTC,2025-09
3664797562,108240,0.05855,1756684851257625,False,True,BTC,2025-09
3664797563,108240.01,0.0006,1756684851257625,False,True,BTC,2025-09
3664797564,108240.51,0.00959,1756684851257625,False,True,BTC,2025-09
3664797565,108241.6,0.00797,1756684851257625,False,True,BTC,2025-09
3664797566,108241.65,0.00855,1756684851257625,False,True,BTC,2025-09
3664797567,108241.92,0.00005,1756684851257625,False,True,BTC,2025-09
3664797568,108242.23,0.00005,1756684851257625,False,True,BTC,2025-09
3664797569,108242.24,0.00005,1756684851257625,False,True,BTC,2025-09
3664797570,108242.25,0.03631,1756684851257625,False,True,BTC,2025-09
3664797571,108242.25,0.00384,1756684851259384,False,True,BTC,2025-09
3664797572,108242.46,0.00288,1756684851264045,False,True,BTC,2025-09
3664797573,108242.46,0.00163,1756684851496373,False,True,BTC,2025-09
3664797574,108242.45,0.003,1756684851613555,True,True,BTC,2025-09
3664797575,108242.46,0.00232,1756684851625199,False,True,BTC,2025-09
3664797576,108242.46,0.00101,1756684851646758,False,True,BTC,2025-09
3664797577,108242.46,0.00151,1756684851707865,False,True,BTC,2025-09
3664797578,108242.46,0.00185,1756684851713817,False,True,BTC,2025-09
3664797579,108242.46,0.001,1756684851738325,False,True,BTC,2025-09
3664797580,108242.47,0.0006,1756684851738325,False,True,BTC,2025-09
3664797581,108242.47,0.00005,1756684851738325,False,True,BTC,2025-09
3664797582,108242.48,0.04714,1756684851795806,False,True,BTC,2025-09
3664797583,108242.49,0.0001,1756684851795806,False,True,BTC,2025-09
3664797584,108242.49,0.00025,1756684851797526,False,True,BTC,2025-09
3664797585,108242.5,0.0002,1756684851797526,False,True,BTC,2025-09
3664797586,108242.82,0.00031,1756684851797526,False,True,BTC,2025-09
3664797587,108243.28,0.00005,1756684851797526,False,True,BTC,2025-09
3664797588,108246.14,0.0052,1756684851797526,False,True,BTC,2025-09
3664797589,108246.22,0.01098,1756684851800806,False,True,BTC,2025-09
3664797590,108246.23,0.00045,1756684851800806,False,True,BTC,2025-09
3664797591,108246.36,0.00011,1756684851800806,False,True,BTC,2025-09
3664797592,108246.4,0.00057,1756684851800806,False,True,BTC,2025-09
3664797593,108246.4,0.00558,1756684851800806,False,True,BTC,2025-09
3664797594,108247,0.00027,1756684851800806,False,True,BTC,2025-09
3664797595,108247.31,0.00005,1756684851800806,False,True,BTC,2025-09
3664797596,108247.32,0.00323,1756684851806702,False,True,BTC,2025-09
3664797597,108247.32,0.00091,1756684851868994,False,True,BTC,2025-09
3664797598,108247.31,0.00065,1756684851964194,True,True,BTC,2025-09
3664797599,108247.32,0.00077,1756684852126414,False,True,BTC,2025-09
3664797600,108247.31,0.00663,1756684852165908,True,True,BTC,2025-09
3664797601,108247.32,0.00161,1756684852316534,False,True,BTC,2025-09
3664797602,108247.31,0.5477,1756684852324124,True,True,BTC,2025-09
3664797603,108247.32,0.00153,1756684852347125,False,True,BTC,2025-09
3664797604,108247.32,0.0003,1756684852402489,False,True,BTC,2025-09
3664797605,108247.31,0.00009,1756684852678131,True,True,BTC,2025-09
3664797606,108247.32,0.00573,1756684852700837,False,True,BTC,2025-09
3664797607,108247.32,0.00102,1756684852852327,False,True,BTC,2025-09
3664797608,108247.32,0.00203,1756684853089119,False,True,BTC,2025-09
3664797609,108247.32,0.00021,1756684853417273,False,True,BTC,2025-09
3664797610,108247.32,0.01,1756684853505066,False,True,BTC,2025-09
3664797611,108247.31,0.10659,1756684853669595,True,True,BTC,2025-09
3664797612,108247.32,0.00507,1756684853719272,False,True,BTC,2025-09
3664797613,108247.32,0.00021,1756684853775833,False,True,BTC,2025-09
3664797614,108247.32,0.00187,1756684853859091,False,True,BTC,2025-09
3664797615,108247.32,0.0006,1756684853998357,False,True,BTC,2025-09
3664797616,108247.32,0.00007,1756684854028689,False,True,BTC,2025-09
3664797617,108247.32,0.0002,1756684854486641,False,True,BTC,2025-09
3664797618,108247.32,0.0015,1756684854486799,False,True,BTC,2025-09
3664797619,108247.32,0.00826,1756684854517150,False,True,BTC,2025-09
3664797620,108247.32,0.01,1756684854517150,False,True,BTC,2025-09
3664797621,108247.32,0.00283,1756684854517154,False,True,BTC,2025-09
3664797622,108247.32,0.00182,1756684854529560,False,True,BTC,2025-09
3664797623,108247.31,0.00046,1756684854572427,True,True,BTC,2025-09
3664797624,108247.31,0.00171,1756684854811959,True,True,BTC,2025-09
3664797625,108247.32,0.04729,1756684854818460,False,True,BTC,2025-09
3664797626,108247.33,0.0007,1756684854818460,False,True,BTC,2025-09
3664797627,108248.14,0.0001,1756684854818460,False,True,BTC,2025-09
3664797628,108248.24,0.00006,1756684854818460,False,True,BTC,2025-09
3664797629,108248.29,0.00432,1756684854818460,False,True,BTC,2025-09
3664797630,108248.46,0.00005,1756684854818460,False,True,BTC,2025-09
3664797631,108248.69,0.00005,1756684854818460,False,True,BTC,2025-09
3664797632,108249.16,0.00005,1756684854818460,False,True,BTC,2025-09
3664797633,108249.93,0.00007,1756684854818460,False,True,BTC,2025-09
3664797634,108250.41,0.00005,1756684854818460,False,True,BTC,2025-09
3664797635,108250.42,0.02215,1756684854818460,False,True,BTC,2025-09
3664797636,108250.59,0.00005,1756684854818460,False,True,BTC,2025-09
3664797637,108250.6,0.00005,1756684854818460,False,True,BTC,2025-09
3664797638,108251.16,0.00005,1756684854818460,False,True,BTC,2025-09
3664797639,108251.17,0.00005,1756684854818460,False,True,BTC,2025-09
3664797640,108251.56,0.00328,1756684854818460,False,True,BTC,2025-09
3664797641,108252.19,0.00358,1756684854818460,False,True,BTC,2025-09
3664797642,108252.62,0.00005,1756684854818460,False,True,BTC,2025-09
3664797643,108253.53,0.0009,1756684854820050,False,True,BTC,2025-09
3664797644,108253.66,0.00814,1756684854821910,False,True,BTC,2025-09
3664797645,108253.66,0.00814,1756684854821954,False,True,BTC,2025-09
3664797646,108253.66,0.00814,1756684854821975,False,True,BTC,2025-09
3664797647,108253.66,0.00814,1756684854822012,False,True,BTC,2025-09
3664797648,108253.65,0.00396,1756684854827213,True,True,BTC,2025-09
3664797649,108253.65,0.00394,1756684854833079,True,True,BTC,2025-09
3664797650,108253.65,0.00394,1756684854840425,True,True,BTC,2025-09
3664797651,108253.66,0.00264,1756684854843030,False,True,BTC,2025-09
3664797652,108253.66,0.00184,1756684855174249,False,True,BTC,2025-09
3664797653,108253.66,0.001,1756684855181784,False,True,BTC,2025-09
3664797654,108253.67,0.0006,1756684855181784,False,True,BTC,2025-09
3664797655,108254.1,0.00005,1756684855181784,False,True,BTC,2025-09
3664797656,108255.01,0.00005,1756684855181784,False,True,BTC,2025-09
3664797657,108256.02,0.00148,1756684855181784,False,True,BTC,2025-09
3664797658,108256.4,0.00675,1756684855181784,False,True,BTC,2025-09
3664797659,108256.57,0.00547,1756684855181784,False,True,BTC,2025-09
3664797660,108257.35,0.00213,1756684855181784,False,True,BTC,2025-09
3664797661,108257.36,0.00685,1756684855181784,False,True,BTC,2025-09
3664797662,108258.28,0.00005,1756684855181784,False,True,BTC,2025-09
3664797663,108259.08,0.00006,1756684855181784,False,True,BTC,2025-09
3664797664,108259.51,0.00005,1756684855181784,False,True,BTC,2025-09
3664797665,108259.55,0.00005,1756684855181784,False,True,BTC,2025-09
3664797666,108259.99,0.00424,1756684855187319,True,True,BTC,2025-09
3664797667,108259.99,0.00394,1756684855195380,True,True,BTC,2025-09
3664797668,108259.99,0.00394,1756684855202202,True,True,BTC,2025-09
3664797669,108259.99,0.00394,1756684855209227,True,True,BTC,2025-09
3664797670,108259.99,0.00394,1756684855222132,True,True,BTC,2025-09
3664797671,108259.99,0.00394,1756684855233085,True,True,BTC,2025-09
3664797672,108260,0.00278,1756684855302511,False,True,BTC,2025-09
3664797673,108259.99,0.00394,1756684855352077,True,True,BTC,2025-09
3664797674,108259.99,0.00394,1756684855359863,True,True,BTC,2025-09
3664797675,108260,0.00011,1756684855421012,False,True,BTC,2025-09
3664797676,108260,0.00024,1756684855421301,False,True,BTC,2025-09
3664797677,108260,0.00008,1756684855442087,False,True,BTC,2025-09
3664797678,108260,0.00014,1756684855447421,False,True,BTC,2025-09
3664797679,108260,0.00019,1756684855447610,False,True,BTC,2025-09
3664797680,108260,0.00093,1756684855463624,False,True,BTC,2025-09
3664797681,108260,0.00008,1756684855472536,False,True,BTC,2025-09
3664797682,108260,0.00009,1756684855487127,False,True,BTC,2025-09
3664797683,108260,0.00265,1756684855493780,False,True,BTC,2025-09
3664797684,108259.99,0.00394,1756684855514774,True,True,BTC,2025-09
3664797685,108259.99,0.00394,1756684855521884,True,True,BTC,2025-09
3664797686,108260,0.00161,1756684855533427,False,True,BTC,2025-09
3664797687,108260,0.00047,1756684855547447,False,True,BTC,2025-09
3664797688,108260,0.00007,1756684855564340,False,True,BTC,2025-09
3664797689,108260,0.0001,1756684855568573,False,True,BTC,2025-09
3664797690,108260,0.0001,1756684855621021,False,True,BTC,2025-09
3664797691,108259.99,0.00392,1756684855673532,True,True,BTC,2025-09
3664797692,108259.99,0.00392,1756684855681509,True,True,BTC,2025-09
3664797693,108260,0.00043,1756684855741971,False,True,BTC,2025-09
3664797694,108260,0.00024,1756684855746027,False,True,BTC,2025-09
3664797695,108260,0.0001,1756684855772538,False,True,BTC,2025-09
3664797696,108260,0.0037,1756684855787449,False,True,BTC,2025-09
3664797697,108259.99,0.00392,1756684855913247,True,True,BTC,2025-09
3664797698,108259.99,0.00354,1756684855922246,True,True,BTC,2025-09
3664797699,108260,0.00024,1756684856047584,False,True,BTC,2025-09
3664797700,108260,0.00008,1756684856242863,False,True,BTC,2025-09
3664797701,108260,0.00151,1756684856712088,False,True,BTC,2025-09
3664797702,108260,0.00113,1756684856940746,False,True,BTC,2025-09
3664797703,108260,0.00006,1756684856950906,False,True,BTC,2025-09
3664797704,108259.99,0.00151,1756684857028393,True,True,BTC,2025-09
3664797705,108259.99,0.00662,1756684857248673,True,True,BTC,2025-09
3664797706,108260,0.00178,1756684857808518,False,True,BTC,2025-09
3664797707,108260,0.00158,1756684858210659,False,True,BTC,2025-09
3664797708,108260,0.0001,1756684858321825,False,True,BTC,2025-09
3664797709,108260,0.00165,1756684858369402,False,True,BTC,2025-09
3664797710,108259.99,0.00011,1756684859010804,True,True,BTC,2025-09
3664797711,108259.99,0.00183,1756684859082892,True,True,BTC,2025-09
3664797712,108259.99,0.00026,1756684859760017,True,True,BTC,2025-09
3664797713,108260,0.00158,1756684859805938,False,True,BTC,2025-09
3664797714,108260,0.00201,1756684860046875,False,True,BTC,2025-09
3664797715,108259.99,0.00125,1756684860088275,True,True,BTC,2025-09
3664797716,108260,0.04791,1756684860093934,False,True,BTC,2025-09
3664797717,108260.01,0.00075,1756684860093934,False,True,BTC,2025-09
3664797718,108261.99,0.00005,1756684860093934,False,True,BTC,2025-09
3664797719,108262,0.00015,1756684860095501,False,True,BTC,2025-09
3664797720,108262.72,0.0059,1756684860095501,False,True,BTC,2025-09
3664797721,108263.65,0.00005,1756684860095501,False,True,BTC,2025-09
3664797722,108263.66,0.00005,1756684860095501,False,True,BTC,2025-09
3664797723,108263.99,0.00005,1756684860095501,False,True,BTC,2025-09
3664797724,108264,0.00005,1756684860095501,False,True,BTC,2025-09
3664797725,108264.01,0.00681,1756684860095501,False,True,BTC,2025-09
3664797726,108264.44,0.00005,1756684860095501,False,True,BTC,2025-09
3664797727,108264.45,0.00005,1756684860095501,False,True,BTC,2025-09
3664797728,108264.5,0.00006,1756684860095501,False,True,BTC,2025-09
3664797729,108264.56,0.00785,1756684860095501,False,True,BTC,2025-09
3664797730,108264.92,0.00005,1756684860095501,False,True,BTC,2025-09
3664797731,108265.96,0.00005,1756684860192029,False,True,BTC,2025-09
3664797732,108265.95,3,1756684860880686,True,True,BTC,2025-09
3664797733,108265.96,0.00026,1756684861269034,False,True,BTC,2025-09
3664797734,108265.96,0.00006,1756684861309243,False,True,BTC,2025-09
3664797735,108265.96,0.0001,1756684861353221,False,True,BTC,2025-09
3664797736,108265.96,0.00403,1756684861794183,False,True,BTC,2025-09
3664797737,108265.96,0.00018,1756684861838953,False,True,BTC,2025-09
3664797738,108265.95,0.00662,1756684862187870,True,True,BTC,2025-09
3664797739,108265.96,0.00245,1756684862913781,False,True,BTC,2025-09
3664797740,108265.95,0.00854,1756684863117288,True,True,BTC,2025-09
3664797741,108265.96,0.00055,1756684863269709,False,True,BTC,2025-09
3664797742,108265.95,0.09231,1756684863676270,True,True,BTC,2025-09
3664797743,108265.95,0.00015,1756684864047838,True,True,BTC,2025-09
3664797744,108265.95,0.00015,1756684864048176,True,True,BTC,2025-09
3664797745,108265.95,0.0006,1756684864051066,True,True,BTC,2025-09
3664797746,108265.96,0.0014,1756684864230537,False,True,BTC,2025-09
3664797747,108265.96,0.00005,1756684864285073,False,True,BTC,2025-09
3664797748,108265.95,0.00088,1756684864417153,True,True,BTC,2025-09
3664797749,108265.96,0.00011,1756684864596321,False,True,BTC,2025-09
3664797750,108265.96,0.00023,1756684865108503,False,True,BTC,2025-09
3664797751,108265.95,0.00111,1756684865252794,True,True,BTC,2025-09
3664797752,108265.96,0.00209,1756684865836219,False,True,BTC,2025-09
3664797753,108265.96,0.00009,1756684865937215,False,True,BTC,2025-09
3664797754,108265.96,0.00069,1756684867246650,False,True,BTC,2025-09
3664797755,108265.95,0.00531,1756684867312086,True,True,BTC,2025-09
3664797756,108265.95,0.00142,1756684867453413,True,True,BTC,2025-09
3664797757,108265.96,0.00097,1756684867483776,False,True,BTC,2025-09
3664797758,108265.96,0.00012,1756684867795273,False,True,BTC,2025-09
3664797759,108265.95,0.00209,1756684868112392,True,True,BTC,2025-09
3664797760,108265.96,0.00009,1756684868322320,False,True,BTC,2025-09
3664797761,108265.95,0.10705,1756684868670461,True,True,BTC,2025-09
3664797762,108265.96,0.00054,1756684869917291,False,True,BTC,2025-09
3664797763,108265.96,0.00018,1756684869918770,False,True,BTC,2025-09
3664797764,108265.95,0.0031,1756684870214320,True,True,BTC,2025-09
3664797765,108265.96,0.00018,1756684870294724,False,True,BTC,2025-09
3664797766,108265.96,0.00031,1756684870372600,False,True,BTC,2025-09
3664797767,108265.95,0.0001,1756684870427261,True,True,BTC,2025-09
3664797768,108265.95,0.16839,1756684872016756,True,True,BTC,2025-09
3664797769,108265.95,0.01004,1756684872020464,True,True,BTC,2025-09
3664797770,108265.95,0.01988,1756684872995377,True,True,BTC,2025-09
3664797771,108265.96,0.01592,1756684872998107,False,True,BTC,2025-09
3664797772,108265.96,0.00017,1756684873019951,False,True,BTC,2025-09
3664797773,108265.95,0.005,1756684873072255,True,True,BTC,2025-09
3664797774,108265.95,0.00021,1756684873167488,True,True,BTC,2025-09
3664797775,108265.96,0.00184,1756684873269915,False,True,BTC,2025-09
3664797776,108265.96,0.00184,1756684873269939,False,True,BTC,2025-09
3664797777,108265.96,0.00156,1756684873270189,False,True,BTC,2025-09
3664797778,108265.96,0.002,1756684873473300,False,True,BTC,2025-09
3664797779,108265.96,0.00461,1756684873874291,False,True,BTC,2025-09
3664797780,108265.96,0.00029,1756684874089030,False,True,BTC,2025-09
3664797781,108265.96,0.00418,1756684874348009,False,True,BTC,2025-09
3664797782,108265.96,0.00054,1756684874704929,False,True,BTC,2025-09
3664797783,108265.96,0.00012,1756684875014892,False,True,BTC,2025-09
3664797784,108265.96,0.00458,1756684875128039,False,True,BTC,2025-09
3664797785,108265.96,0.00005,1756684875187966,False,True,BTC,2025-09
3664797786,108265.96,0.0001,1756684875479015,False,True,BTC,2025-09
3664797787,108265.96,0.09096,1756684875539385,False,True,BTC,2025-09
3664797788,108265.96,0.05745,1756684875795297,False,True,BTC,2025-09
3664797789,108265.97,0.0006,1756684875796892,False,True,BTC,2025-09
3664797790,108267.56,0.00035,1756684875799003,False,True,BTC,2025-09
3664797791,108267.57,0.0001,1756684875799003,False,True,BTC,2025-09
3664797792,108267.89,0.00841,1756684875799003,False,True,BTC,2025-09
3664797793,108267.99,0.00005,1756684875799003,False,True,BTC,2025-09
3664797794,108267.99,0.00246,1756684875799540,True,True,BTC,2025-09
3664797795,108268,0.0005,1756684875801740,False,True,BTC,2025-09
3664797796,108268.01,0.00045,1756684875801740,False,True,BTC,2025-09
3664797797,108268.15,0.0001,1756684875801740,False,True,BTC,2025-09
3664797798,108269.19,0.00005,1756684875801740,False,True,BTC,2025-09
3664797799,108269.92,0.00006,1756684875801740,False,True,BTC,2025-09
3664797800,108269.99,0.00005,1756684875801740,False,True,BTC,2025-09
3664797801,108270,0.00157,1756684875801740,False,True,BTC,2025-09
3664797802,108270.33,0.00005,1756684875801740,False,True,BTC,2025-09
3664797803,108270.83,0.00005,1756684875801740,False,True,BTC,2025-09
3664797804,108270.84,0.00005,1756684875801740,False,True,BTC,2025-09
3664797805,108271.13,0.00023,1756684875801740,False,True,BTC,2025-09
3664797806,108271.27,0.00018,1756684875801740,False,True,BTC,2025-09
3664797807,108271.36,0.00005,1756684875801740,False,True,BTC,2025-09
3664797808,108271.37,0.00584,1756684875801740,False,True,BTC,2025-09
3664797809,108271.36,0.00092,1756684875823707,True,True,BTC,2025-09
3664797810,108271.36,0.00092,1756684875823796,True,True,BTC,2025-09
3664797811,108271.37,0.0108,1756684876199606,False,True,BTC,2025-09
3664797812,108271.36,0.005,1756684876200547,True,True,BTC,2025-09
3664797813,108271.37,0.04,1756684876687289,False,True,BTC,2025-09
3664797814,108271.37,0.22132,1756684876687781,False,True,BTC,2025-09
3664797815,108271.38,0.0008,1756684876687781,False,True,BTC,2025-09
3664797816,108272.83,0.00508,1756684876687781,False,True,BTC,2025-09
3664797817,108273.41,0.00005,1756684876687781,False,True,BTC,2025-09
3664797818,108273.55,0.00005,1756684876687781,False,True,BTC,2025-09
3664797819,108273.99,0.00005,1756684876687781,False,True,BTC,2025-09
3664797820,108274,0.00015,1756684876689577,False,True,BTC,2025-09
3664797821,108274.94,0.00679,1756684876689577,False,True,BTC,2025-09
3664797822,108275.34,0.00006,1756684876689577,False,True,BTC,2025-09
3664797823,108275.38,0.00199,1756684876689577,False,True,BTC,2025-09
3664797824,108275.55,0.00195,1756684876689577,False,True,BTC,2025-09
3664797825,108275.74,0.00005,1756684876689577,False,True,BTC,2025-09
3664797826,108275.99,0.00005,1756684876689577,False,True,BTC,2025-09
3664797827,108276,0.00205,1756684876689577,False,True,BTC,2025-09
3664797828,108276.28,0.0013,1756684876689577,False,True,BTC,2025-09
3664797829,108276.37,0.00199,1756684876689577,False,True,BTC,2025-09
3664797830,108276.71,0.00019,1756684876689577,False,True,BTC,2025-09
3664797831,108276.78,0.00005,1756684876689577,False,True,BTC,2025-09
3664797832,108276.79,0.06338,1756684876689577,False,True,BTC,2025-09
3664797833,108276.79,0.01299,1756684876696534,False,True,BTC,2025-09
3664797834,108276.79,0.00195,1756684876698385,False,True,BTC,2025-09
3664797835,108276.79,0.06167,1756684876699074,False,True,BTC,2025-09
3664797836,108276.79,0.00924,1756684876708247,False,True,BTC,2025-09
3664797837,108276.79,0.00398,1756684876708872,False,True,BTC,2025-09
3664797838,108276.79,0.0224,1756684876709966,False,True,BTC,2025-09
3664797839,108276.8,0.0006,1756684876709966,False,True,BTC,2025-09
3664797840,108276.8,0.00686,1756684876712683,False,True,BTC,2025-09
3664797841,108276.8,0.01793,1756684876713545,False,True,BTC,2025-09
3664797842,108276.8,0.02168,1756684876716021,False,True,BTC,2025-09
3664797843,108276.81,0.0005,1756684876716021,False,True,BTC,2025-09
3664797844,108276.87,0.0001,1756684876716021,False,True,BTC,2025-09
3664797845,108277.08,0.00005,1756684876716021,False,True,BTC,2025-09
3664797846,108278,0.00098,1756684876716021,False,True,BTC,2025-09
3664797847,108278.58,0.00072,1756684876716021,False,True,BTC,2025-09
3664797848,108279.53,0.00005,1756684876716021,False,True,BTC,2025-09
3664797849,108279.72,0.0001,1756684876716021,False,True,BTC,2025-09
3664797850,108279.99,0.00005,1756684876716021,False,True,BTC,2025-09
3664797851,108280,0.02082,1756684876716021,False,True,BTC,2025-09
3664797852,108280.04,0.00379,1756684876716021,False,True,BTC,2025-09
3664797853,108280.76,0.00006,1756684876716021,False,True,BTC,2025-09
3664797854,108281.15,0.00005,1756684876716021,False,True,BTC,2025-09
3664797855,108282.12,0.00019,1756684876716021,False,True,BTC,2025-09
3664797856,108282.2,0.00305,1756684876716021,False,True,BTC,2025-09
3664797857,108282.21,0.00305,1756684876719772,False,True,BTC,2025-09
3664797858,108282.21,0.00282,1756684876723770,False,True,BTC,2025-09
3664797859,108282.21,0.00216,1756684876933313,False,True,BTC,2025-09
3664797860,108282.2,0.00195,1756684877001262,True,True,BTC,2025-09
3664797861,108282.21,0.00262,1756684877026663,False,True,BTC,2025-09
3664797862,108282.21,0.00024,1756684877170037,False,True,BTC,2025-09
3664797863,108282.2,0.00029,1756684877326934,True,True,BTC,2025-09
3664797864,108282.2,0.00226,1756684877355557,True,True,BTC,2025-09
3664797865,108282.21,0.00011,1756684877828533,False,True,BTC,2025-09
3664797866,108282.21,0.02304,1756684877948360,False,True,BTC,2025-09
3664797867,108282.21,0.00006,1756684878025909,False,True,BTC,2025-09
3664797868,108282.2,0.00024,1756684878092266,True,True,BTC,2025-09
3664797869,108282.21,0.00005,1756684878340382,False,True,BTC,2025-09
3664797870,108282.21,0.00026,1756684879020171,False,True,BTC,2025-09
3664797871,108282.21,0.39572,1756684879408382,False,True,BTC,2025-09
3664797872,108282.22,0.00045,1756684879408382,False,True,BTC,2025-09
3664797873,108283.8,0.00005,1756684879410138,False,True,BTC,2025-09
3664797874,108284,0.0025,1756684879410138,False,True,BTC,2025-09
3664797875,108284.45,0.0018,1756684879410138,False,True,BTC,2025-09
3664797876,108284.96,0.00797,1756684879410653,False,True,BTC,2025-09
3664797877,108285.96,0.00563,1756684879410653,False,True,BTC,2025-09
3664797878,108285.99,0.00005,1756684879410653,False,True,BTC,2025-09
3664797879,108286.18,0.00006,1756684879410653,False,True,BTC,2025-09
3664797880,108286.56,0.00005,1756684879410653,False,True,BTC,2025-09
3664797881,108286.99,0.00807,1756684879410653,False,True,BTC,2025-09
3664797882,108287.15,0.0062,1756684879410653,False,True,BTC,2025-09
3664797883,108287.27,0.00005,1756684879410653,False,True,BTC,2025-09
3664797884,108287.99,0.0005,1756684879420008,False,True,BTC,2025-09
3664797885,108288,0.0012,1756684879420008,False,True,BTC,2025-09
3664797886,108288,0.0017,1756684879420008,False,True,BTC,2025-09
3664797887,108289.55,0.00181,1756684879420008,False,True,BTC,2025-09
3664797888,108289.56,0.0001,1756684879420008,False,True,BTC,2025-09
3664797889,108290.68,0.00005,1756684879421275,False,True,BTC,2025-09
3664797890,108291.27,0.00005,1756684879421275,False,True,BTC,2025-09
3664797891,108291.35,0.00063,1756684879421275,False,True,BTC,2025-09
3664797892,108291.35,0.00171,1756684879428553,False,True,BTC,2025-09
3664797893,108291.35,0.00163,1756684879437838,False,True,BTC,2025-09
3664797894,108291.35,0.00923,1756684879771220,False,True,BTC,2025-09
3664797895,108291.35,0.00168,1756684879782572,False,True,BTC,2025-09
3664797896,108291.35,0.04707,1756684880016102,False,True,BTC,2025-09
3664797897,108291.36,0.0005,1756684880016102,False,True,BTC,2025-09
3664797898,108291.6,0.00006,1756684880016102,False,True,BTC,2025-09
3664797899,108291.97,0.00005,1756684880016102,False,True,BTC,2025-09
3664797900,108292,0.0025,1756684880016102,False,True,BTC,2025-09
3664797901,108292.5,0.00819,1756684880016102,False,True,BTC,2025-09
3664797902,108294.73,0.00005,1756684880016102,False,True,BTC,2025-09
3664797903,108294.73,0.01,1756684880079592,True,True,BTC,2025-09
3664797904,108294.74,0.00012,1756684880134491,False,True,BTC,2025-09
3664797905,108294.74,0.03045,1756684880197717,False,True,BTC,2025-09
3664797906,108294.74,0.00031,1756684880264811,False,True,BTC,2025-09
3664797907,108294.74,0.0003,1756684880586626,False,True,BTC,2025-09
3664797908,108294.74,0.00012,1756684881088052,False,True,BTC,2025-09
3664797909,108294.73,0.0005,1756684881101153,True,True,BTC,2025-09
3664797910,108294.73,0.0005,1756684881164277,True,True,BTC,2025-09
3664797911,108294.74,0.001,1756684881205925,False,True,BTC,2025-09
3664797912,108294.74,0.09232,1756684881469640,False,True,BTC,2025-09
3664797913,108294.74,0.27497,1756684881471109,False,True,BTC,2025-09
3664797914,108294.75,0.00065,1756684881472661,False,True,BTC,2025-09
3664797915,108295.15,0.00645,1756684881472794,False,True,BTC,2025-09
3664797916,108296,0.0025,1756684881472794,False,True,BTC,2025-09
3664797917,108296.87,0.00522,1756684881472794,False,True,BTC,2025-09
3664797918,108297.02,0.00006,1756684881472794,False,True,BTC,2025-09
3664797919,108297.09,0.00647,1756684881472794,False,True,BTC,2025-09
3664797920,108297.35,0.00162,1756684881472794,False,True,BTC,2025-09
3664797921,108297.38,0.00005,1756684881472794,False,True,BTC,2025-09
3664797922,108297.66,0.00005,1756684881472794,False,True,BTC,2025-09
3664797923,108299.51,0.00005,1756684881472794,False,True,BTC,2025-09
3664797924,108299.52,0.00175,1756684881478923,False,True,BTC,2025-09
3664797925,108299.52,0.01,1756684881478923,False,True,BTC,2025-09
3664797926,108299.52,0.00295,1756684881479264,False,True,BTC,2025-09
3664797927,108299.52,0.00162,1756684881483274,False,True,BTC,2025-09
3664797928,108299.52,0.00084,1756684881683669,False,True,BTC,2025-09
3664797929,108299.52,0.0011,1756684881691978,False,True,BTC,2025-09
3664797930,108299.53,0.0007,1756684881691978,False,True,BTC,2025-09
3664797931,108300,0.02102,1756684881692314,False,True,BTC,2025-09
3664797932,108300.48,0.00182,1756684881692314,False,True,BTC,2025-09
3664797933,108301.09,0.00635,1756684881692314,False,True,BTC,2025-09
3664797934,108301.54,0.00578,1756684881766166,False,True,BTC,2025-09
3664797935,108301.54,0.00021,1756684881884167,True,True,BTC,2025-09
3664797936,108301.55,0.04711,1756684882515571,False,True,BTC,2025-09
3664797937,108301.56,0.00065,1756684882515571,False,True,BTC,2025-09
3664797938,108302.39,0.00342,1756684882515571,False,True,BTC,2025-09
3664797939,108302.44,0.00006,1756684882515571,False,True,BTC,2025-09
3664797940,108302.73,0.0064,1756684882515571,False,True,BTC,2025-09
3664797941,108302.79,0.00005,1756684882515571,False,True,BTC,2025-09
3664797942,108303.25,0.00807,1756684882515571,False,True,BTC,2025-09
3664797943,108304,0.00255,1756684882515571,False,True,BTC,2025-09
3664797944,108304.59,0.00005,1756684882515571,False,True,BTC,2025-09
3664797945,108306.95,0.00005,1756684882515571,False,True,BTC,2025-09
3664797946,108306.95,0.00506,1756684882521394,True,True,BTC,2025-09
3664797947,108306.95,0.00014,1756684882621265,True,True,BTC,2025-09
3664797948,108306.95,0.00252,1756684882657032,True,True,BTC,2025-09
3664797949,108306.95,0.00349,1756684882765068,True,True,BTC,2025-09
3664797950,108306.96,0.00024,1756684882991410,False,True,BTC,2025-09
3664797951,108306.96,0.00016,1756684883402584,False,True,BTC,2025-09
3664797952,108306.96,0.52247,1756684883597567,False,True,BTC,2025-09
3664797953,108306.97,0.0005,1756684883597567,False,True,BTC,2025-09
3664797954,108307.86,0.00006,1756684883598987,False,True,BTC,2025-09
3664797955,108308,0.00265,1756684883598987,False,True,BTC,2025-09
3664797956,108308.2,0.00005,1756684883598987,False,True,BTC,2025-09
3664797957,108308.61,0.0071,1756684883598987,False,True,BTC,2025-09
3664797958,108309.04,0.00562,1756684883598987,False,True,BTC,2025-09
3664797959,108309.04,0.00298,1756684883599805,False,True,BTC,2025-09
3664797960,108312,0.0038,1756684883615923,False,True,BTC,2025-09
3664797961,108312.01,0.00045,1756684883615923,False,True,BTC,2025-09
3664797962,108312.35,0.00025,1756684883615923,False,True,BTC,2025-09
3664797963,108312.37,0.00005,1756684883615923,False,True,BTC,2025-09
3664797964,108312.37,0.11423,1756684883670244,True,True,BTC,2025-09
3664797965,108312.37,0.00134,1756684883670284,True,True,BTC,2025-09
3664797966,108312.37,0.0002,1756684884073868,True,True,BTC,2025-09
3664797967,108312.38,0.00011,1756684884188368,False,True,BTC,2025-09
3664797968,108312.38,0.00012,1756684884837725,False,True,BTC,2025-09
3664797969,108312.38,0.00007,1756684885064557,False,True,BTC,2025-09
3664797970,108312.38,0.0074,1756684885257383,False,True,BTC,2025-09
3664797971,108312.38,0.00091,1756684885349428,False,True,BTC,2025-09
3664797972,108312.38,0.28152,1756684885364235,False,True,BTC,2025-09
3664797973,108312.39,0.0006,1756684885364235,False,True,BTC,2025-09
3664797974,108313.28,0.00006,1756684885366150,False,True,BTC,2025-09
3664797975,108313.61,0.00005,1756684885366384,False,True,BTC,2025-09
3664797976,108313.76,0.00439,1756684885367258,False,True,BTC,2025-09
3664797977,108314.99,0.00005,1756684885367258,False,True,BTC,2025-09
3664797978,108315.47,0.00195,1756684885367258,False,True,BTC,2025-09
3664797979,108316,0.00255,1756684885367258,False,True,BTC,2025-09
3664797980,108316.73,0.00066,1756684885367811,False,True,BTC,2025-09
3664797981,108316.93,0.00005,1756684885367811,False,True,BTC,2025-09
3664797982,108317.18,0.00005,1756684885367811,False,True,BTC,2025-09
3664797983,108317.73,0.00813,1756684885367811,False,True,BTC,2025-09
3664797984,108317.79,0.00005,1756684885367811,False,True,BTC,2025-09
3664797985,108317.8,0.0065,1756684885368256,False,True,BTC,2025-09
3664797986,108317.8,0.1617,1756684885371662,False,True,BTC,2025-09
3664797987,108317.8,0.00923,1756684885378146,False,True,BTC,2025-09
3664797988,108317.8,0.0002,1756684885568203,False,True,BTC,2025-09
3664797989,108317.79,0.00091,1756684885589188,True,True,BTC,2025-09
3664797990,108317.79,0.00313,1756684885791054,True,True,BTC,2025-09
3664797991,108317.8,0.00644,1756684885983132,False,True,BTC,2025-09
3664797992,108317.79,0.00193,1756684886140355,True,True,BTC,2025-09
3664797993,108317.8,0.00014,1756684887376580,False,True,BTC,2025-09
3664797994,108317.8,0.00025,1756684887563780,False,True,BTC,2025-09
3664797995,108317.8,0.00076,1756684887576847,False,True,BTC,2025-09
3664797996,108317.8,0.00004,1756684887765627,False,True,BTC,2025-09
3664797997,108317.8,0.00012,1756684887957168,False,True,BTC,2025-09
3664797998,108317.8,0.00004,1756684888282773,False,True,BTC,2025-09
3664797999,108317.8,0.00006,1756684888533001,False,True,BTC,2025-09
3664798000,108317.79,0.10458,1756684888671003,True,True,BTC,2025-09
3664798001,108317.79,0.00027,1756684888890318,True,True,BTC,2025-09
3664798002,108317.8,0.00874,1756684889126859,False,True,BTC,2025-09
3664798003,108317.79,0.00012,1756684889545053,True,True,BTC,2025-09
3664798004,108317.79,0.0035,1756684889654983,True,True,BTC,2025-09
3664798005,108317.79,0.00406,1756684889850708,True,True,BTC,2025-09
3664798006,108317.8,0.00008,1756684890046181,False,True,BTC,2025-09
3664798007,108317.8,0.00005,1756684890302293,False,True,BTC,2025-09
3664798008,108317.79,0.01016,1756684890348579,True,True,BTC,2025-09
3664798009,108317.79,0.52679,1756684890759961,True,True,BTC,2025-09
3664798010,108317.79,0.0003,1756684890761281,True,True,BTC,2025-09
3664798011,108317.78,0.00075,1756684890761281,True,True,BTC,2025-09
3664798012,108316.84,0.01732,1756684890822825,False,True,BTC,2025-09
3664798013,108316.84,0.001,1756684890981722,False,True,BTC,2025-09
3664798014,108316.83,0.032,1756684891394831,True,True,BTC,2025-09
3664798015,108316.83,0.01,1756684891394831,True,True,BTC,2025-09
3664798016,108316.83,0.00019,1756684891502563,True,True,BTC,2025-09
3664798017,108316.84,0.00005,1756684891689439,False,True,BTC,2025-09
3664798018,108316.84,0.00364,1756684892372621,False,True,BTC,2025-09
3664798019,108316.84,0.09229,1756684892411734,False,True,BTC,2025-09
3664798020,108316.84,0.00304,1756684892437135,False,True,BTC,2025-09
3664798021,108316.84,0.00664,1756684892451768,False,True,BTC,2025-09
3664798022,108316.84,0.15996,1756684892565681,False,True,BTC,2025-09
3664798023,108316.84,0.02627,1756684892565708,False,True,BTC,2025-09
3664798024,108316.84,0.22356,1756684892567321,False,True,BTC,2025-09
3664798025,108316.85,0.0005,1756684892567321,False,True,BTC,2025-09
3664798026,108317.79,0.00005,1756684892567321,False,True,BTC,2025-09
3664798027,108317.8,0.05399,1756684892569699,False,True,BTC,2025-09
3664798028,108317.8,0.13731,1756684892572123,False,True,BTC,2025-09
3664798029,108317.8,0.00005,1756684892573590,False,True,BTC,2025-09
3664798030,108317.81,0.00035,1756684892573590,False,True,BTC,2025-09
3664798031,108318.63,0.00009,1756684892573896,False,True,BTC,2025-09
3664798032,108318.63,0.00273,1756684892575945,False,True,BTC,2025-09
3664798033,108318.63,0.00048,1756684892583765,False,True,BTC,2025-09
3664798034,108318.63,0.00504,1756684892585363,False,True,BTC,2025-09
3664798035,108318.64,0.00035,1756684892591360,False,True,BTC,2025-09
3664798036,108318.64,0.00027,1756684892674441,False,True,BTC,2025-09
3664798037,108318.63,0.00006,1756684892680473,True,True,BTC,2025-09
3664798038,108318.64,0.0001,1756684892815826,False,True,BTC,2025-09
3664798039,108318.64,0.00053,1756684892850036,False,True,BTC,2025-09
3664798040,108318.63,0.00279,1756684892947216,True,True,BTC,2025-09
3664798041,108318.64,0.00081,1756684893107673,False,True,BTC,2025-09
3664798042,108318.64,0.0001,1756684893189131,False,True,BTC,2025-09
3664798043,108318.64,0.00066,1756684893257113,False,True,BTC,2025-09
3664798044,108318.64,0.0074,1756684893427428,False,True,BTC,2025-09
3664798045,108318.64,0.00775,1756684893538453,False,True,BTC,2025-09
3664798046,108318.64,0.0007,1756684893546956,False,True,BTC,2025-09
3664798047,108318.65,0.00055,1756684893546956,False,True,BTC,2025-09
3664798048,108318.7,0.00869,1756684893546966,False,True,BTC,2025-09
3664798049,108319.02,0.00005,1756684893546966,False,True,BTC,2025-09
3664798050,108319.43,0.00867,1756684893546966,False,True,BTC,2025-09
3664798051,108319.99,0.00005,1756684893546966,False,True,BTC,2025-09
3664798052,108319.99,0.01569,1756684893553407,True,True,BTC,2025-09
3664798053,108320,0.00008,1756684893582640,False,True,BTC,2025-09
3664798054,108320,0.00705,1756684893629291,False,True,BTC,2025-09
3664798055,108320,0.00851,1756684893654951,False,True,BTC,2025-09
3664798056,108320,0.00851,1756684893660986,False,True,BTC,2025-09
3664798057,108320,0.01,1756684893660986,False,True,BTC,2025-09
3664798058,108320,0.00698,1756684893668374,False,True,BTC,2025-09
3664798059,108320,0.00864,1756684893675526,False,True,BTC,2025-09
3664798060,108320,0.0194,1756684893682199,False,True,BTC,2025-09
3664798061,108320.01,0.00075,1756684893682199,False,True,BTC,2025-09
3664798062,108321.92,0.00005,1756684893682199,False,True,BTC,2025-09
3664798063,108321.99,0.00005,1756684893682199,False,True,BTC,2025-09
3664798064,108322,0.00166,1756684893684171,False,True,BTC,2025-09
3664798065,108322.01,0.0001,1756684893684171,False,True,BTC,2025-09
3664798066,108323.21,0.00119,1756684893684171,False,True,BTC,2025-09
3664798067,108323.98,0.0148,1756684893822971,False,True,BTC,2025-09
3664798068,108323.98,0.0434,1756684894245308,False,True,BTC,2025-09
3664798069,108323.99,0.00706,1756684894245308,False,True,BTC,2025-09
3664798070,108324,0.00305,1756684894245308,False,True,BTC,2025-09
3664798071,108324.12,0.00006,1756684894245308,False,True,BTC,2025-09
3664798072,108324.43,0.00005,1756684894245308,False,True,BTC,2025-09
3664798073,108325.05,0.0043,1756684894245308,False,True,BTC,2025-09
3664798074,108325.35,0.00148,1756684894245308,False,True,BTC,2025-09
3664798075,108325.49,0.00005,1756684894245308,False,True,BTC,2025-09
3664798076,108325.56,0.00005,1756684894245308,False,True,BTC,2025-09
3664798077,108325.57,0.06633,1756684894245308,False,True,BTC,2025-09
3664798078,108328,0.00295,1756684894245308,False,True,BTC,2025-09
3664798079,108328.12,0.0062,1756684894245308,False,True,BTC,2025-09
3664798080,108329.54,0.00006,1756684894245308,False,True,BTC,2025-09
3664798081,108329.84,0.00005,1756684894245308,False,True,BTC,2025-09
3664798082,108330.12,0.0009,1756684894245308,False,True,BTC,2025-09
3664798083,108330.61,0.00069,1756684894245308,False,True,BTC,2025-09
3664798084,108330.69,0.00777,1756684894245308,False,True,BTC,2025-09
3664798085,108331.37,0.00018,1756684894245308,False,True,BTC,2025-09
3664798086,108331.72,0.00072,1756684894245308,False,True,BTC,2025-09
3664798087,108331.85,0.00193,1756684894245308,False,True,BTC,2025-09
3664798088,108331.87,0.0001,1756684894245308,False,True,BTC,2025-09
3664798089,108332,0.00295,1756684894245308,False,True,BTC,2025-09
3664798090,108332.23,0.00006,1756684894245308,False,True,BTC,2025-09
3664798091,108332.32,0.00005,1756684894245308,False,True,BTC,2025-09
3664798092,108332.34,0.00005,1756684894245308,False,True,BTC,2025-09
3664798093,108332.35,0.04381,1756684894245308,False,True,BTC,2025-09
3664798094,108332.35,0.00006,1756684894248726,False,True,BTC,2025-09
3664798095,108332.35,0.00193,1756684894253239,False,True,BTC,2025-09
3664798096,108332.35,0.00265,1756684894274617,False,True,BTC,2025-09
3664798097,108332.35,0.00217,1756684894638908,False,True,BTC,2025-09
3664798098,108332.35,0.00233,1756684894675282,False,True,BTC,2025-09
3664798099,108332.34,0.0001,1756684894767903,True,True,BTC,2025-09
3664798100,108332.35,0.01,1756684894784927,False,True,BTC,2025-09
3664798101,108332.35,0.00295,1756684894822486,False,True,BTC,2025-09
3664798102,108332.35,0.00243,1756684895167327,False,True,BTC,2025-09
3664798103,108332.35,0.01046,1756684895388340,False,True,BTC,2025-09
3664798104,108332.34,0.00009,1756684896559792,True,True,BTC,2025-09
3664798105,108332.35,0.04,1756684897541880,False,True,BTC,2025-09
3664798106,108332.35,0.00031,1756684897769435,False,True,BTC,2025-09
3664798107,108332.35,0.00005,1756684897800387,False,True,BTC,2025-09
3664798108,108332.34,0.0092,1756684898174184,True,True,BTC,2025-09
3664798109,108332.34,0.1084,1756684898670721,True,True,BTC,2025-09
3664798110,108332.35,0.00063,1756684899000175,False,True,BTC,2025-09
3664798111,108332.35,0.00005,1756684899236468,False,True,BTC,2025-09
3664798112,108332.35,3.89989,1756684900394706,False,True,BTC,2025-09
3664798113,108332.35,0.00148,1756684900402960,False,True,BTC,2025-09
3664798114,108332.34,0.01,1756684900667455,True,True,BTC,2025-09
3664798115,108332.34,0.00098,1756684901309610,True,True,BTC,2025-09
3664798116,108332.35,0.00027,1756684901519850,False,True,BTC,2025-09
3664798117,108332.35,0.00016,1756684901626163,False,True,BTC,2025-09
3664798118,108332.35,0.0001,1756684901629452,False,True,BTC,2025-09
3664798119,108332.35,0.00276,1756684901947968,False,True,BTC,2025-09
3664798120,108332.35,0.00161,1756684902030671,False,True,BTC,2025-09
3664798121,108332.35,0.00096,1756684902658832,False,True,BTC,2025-09
3664798122,108332.34,0.12518,1756684903670245,True,True,BTC,2025-09
3664798123,108332.35,0.0001,1756684904305716,False,True,BTC,2025-09
3664798124,108332.35,0.00027,1756684904313563,False,True,BTC,2025-09
3664798125,108332.35,0.00006,1756684905190118,False,True,BTC,2025-09
3664798126,108332.35,0.00073,1756684905703727,False,True,BTC,2025-09
3664798127,108332.35,0.00115,1756684906729872,False,True,BTC,2025-09
3664798128,108332.35,0.00054,1756684906947376,False,True,BTC,2025-09
3664798129,108332.35,0.00093,1756684907480179,False,True,BTC,2025-09
3664798130,108332.35,0.02247,1756684907806080,False,True,BTC,2025-09
3664798131,108332.35,0.00603,1756684908154884,False,True,BTC,2025-09
3664798132,108332.35,0.00092,1756684908258916,False,True,BTC,2025-09
3664798133,108332.35,0.00041,1756684908476547,False,True,BTC,2025-09
3664798134,108332.35,0.0245,1756684908698874,False,True,BTC,2025-09
3664798135,108332.35,0.00092,1756684909201208,False,True,BTC,2025-09
3664798136,108332.35,0.00062,1756684909546086,False,True,BTC,2025-09
3664798137,108332.34,0.00016,1756684910346494,True,True,BTC,2025-09
3664798138,108332.34,0.00014,1756684910348377,True,True,BTC,2025-09
3664798139,108332.34,0.00088,1756684910377300,True,True,BTC,2025-09
3664798140,108332.35,0.00015,1756684910446791,False,True,BTC,2025-09
3664798141,108332.35,0.00089,1756684910476490,False,True,BTC,2025-09
3664798142,108332.35,0.00011,1756684910747089,False,True,BTC,2025-09
3664798143,108332.34,0.00017,1756684912000630,True,True,BTC,2025-09
3664798144,108332.35,0.00074,1756684912136369,False,True,BTC,2025-09
3664798145,108332.35,0.00011,1756684912348700,False,True,BTC,2025-09
3664798146,108332.34,0.00012,1756684912673225,True,True,BTC,2025-09
3664798147,108332.35,0.00021,1756684912713717,False,True,BTC,2025-09
3664798148,108332.34,0.00032,1756684913044316,True,True,BTC,2025-09
3664798149,108332.35,0.0001,1756684913254300,False,True,BTC,2025-09
3664798150,108332.34,0.12257,1756684913669439,True,True,BTC,2025-09
3664798151,108332.35,0.00011,1756684914213592,False,True,BTC,2025-09
3664798152,108332.35,0.00053,1756684914374456,False,True,BTC,2025-09
3664798153,108332.35,0.00092,1756684914374803,False,True,BTC,2025-09
3664798154,108332.35,0.00105,1756684914455325,False,True,BTC,2025-09
3664798155,108332.35,0.00011,1756684914817853,False,True,BTC,2025-09
3664798156,108332.35,0.00085,1756684914847000,False,True,BTC,2025-09
3664798157,108332.35,0.00023,1756684914854544,False,True,BTC,2025-09
3664798158,108332.35,0.00927,1756684914864065,False,True,BTC,2025-09
3664798159,108332.35,0.00011,1756684914869042,False,True,BTC,2025-09
3664798160,108332.34,0.00016,1756684915103581,True,True,BTC,2025-09
3664798161,108332.35,0.00012,1756684915116440,False,True,BTC,2025-09
3664798162,108332.35,0.00131,1756684915175834,False,True,BTC,2025-09
3664798163,108332.35,0.00042,1756684915268025,False,True,BTC,2025-09
3664798164,108332.34,0.00105,1756684915339306,True,True,BTC,2025-09
3664798165,108332.35,0.00018,1756684915442316,False,True,BTC,2025-09
3664798166,108332.35,0.00027,1756684915872793,False,True,BTC,2025-09
3664798167,108332.35,0.00027,1756684916046614,False,True,BTC,2025-09
3664798168,108332.35,0.00011,1756684916463741,False,True,BTC,2025-09
3664798169,108332.35,0.00013,1756684916513345,False,True,BTC,2025-09
3664798170,108332.35,0.00011,1756684916547228,False,True,BTC,2025-09
3664798171,108332.35,0.00011,1756684916667317,False,True,BTC,2025-09
3664798172,108332.35,0.00027,1756684916742456,False,True,BTC,2025-09
3664798173,108332.35,0.00011,1756684916745657,False,True,BTC,2025-09
3664798174,108332.35,0.00011,1756684916747581,False,True,BTC,2025-09
3664798175,108332.35,0.00005,1756684917205617,False,True,BTC,2025-09
3664798176,108332.35,0.00186,1756684917667737,False,True,BTC,2025-09
3664798177,108332.35,0.00016,1756684917821596,False,True,BTC,2025-09
3664798178,108332.35,0.03076,1756684918052697,False,True,BTC,2025-09
3664798179,108332.35,0.00277,1756684918368346,False,True,BTC,2025-09
3664798180,108332.35,0.00027,1756684918628884,False,True,BTC,2025-09
3664798181,108332.34,0.01181,1756684918668550,True,True,BTC,2025-09
3664798182,108332.35,0.00923,1756684918986777,False,True,BTC,2025-09
3664798183,108332.34,0.0922,1756684919087476,True,True,BTC,2025-09
3664798184,108332.35,0.0006,1756684919188041,False,True,BTC,2025-09
3664798185,108332.34,0.015,1756684919243452,True,True,BTC,2025-09
3664798186,108332.35,0.00053,1756684919436617,False,True,BTC,2025-09
3664798187,108332.35,0.00016,1756684919941985,False,True,BTC,2025-09
3664798188,108332.35,0.001,1756684919991851,False,True,BTC,2025-09
3664798189,108332.35,0.01008,1756684920100491,False,True,BTC,2025-09
3664798190,108332.35,0.00909,1756684920324186,False,True,BTC,2025-09
3664798191,108332.35,0.00016,1756684920563900,False,True,BTC,2025-09
3664798192,108332.35,0.00109,1756684920647813,False,True,BTC,2025-09
3664798193,108332.35,0.00021,1756684920842380,False,True,BTC,2025-09
3664798194,108332.35,0.00021,1756684921055740,False,True,BTC,2025-09
3664798195,108332.35,0.00184,1756684921060810,False,True,BTC,2025-09
3664798196,108332.34,0.00169,1756684921090629,True,True,BTC,2025-09
3664798197,108332.35,0.00239,1756684921168791,False,True,BTC,2025-09
3664798198,108332.35,0.00011,1756684921172490,False,True,BTC,2025-09
3664798199,108332.34,0.00009,1756684921294562,True,True,BTC,2025-09
3664798200,108332.35,0.00027,1756684921614672,False,True,BTC,2025-09
3664798201,108332.35,0.00047,1756684921914133,False,True,BTC,2025-09
3664798202,108332.35,0.00085,1756684922168291,False,True,BTC,2025-09
3664798203,108332.35,0.00053,1756684922421615,False,True,BTC,2025-09
3664798204,108332.35,0.00027,1756684922456446,False,True,BTC,2025-09
3664798205,108332.34,0.00007,1756684922691154,True,True,BTC,2025-09
3664798206,108332.35,0.00923,1756684922698959,False,True,BTC,2025-09
3664798207,108332.35,0.00053,1756684922713766,False,True,BTC,2025-09
3664798208,108332.35,0.00089,1756684922773683,False,True,BTC,2025-09
3664798209,108332.35,0.0002,1756684922913862,False,True,BTC,2025-09
3664798210,108332.34,0.00013,1756684922916853,True,True,BTC,2025-09
3664798211,108332.35,0.00923,1756684923155877,False,True,BTC,2025-09
3664798212,108332.35,0.00011,1756684923268604,False,True,BTC,2025-09
3664798213,108332.35,0.00109,1756684923470154,False,True,BTC,2025-09
3664798214,108332.34,0.08822,1756684923683827,True,True,BTC,2025-09
3664798215,108332.34,0.00014,1756684923881090,True,True,BTC,2025-09
3664798216,108332.34,0.00006,1756684923881449,True,True,BTC,2025-09
3664798217,108332.35,0.00027,1756684923989015,False,True,BTC,2025-09
3664798218,108332.35,0.00014,1756684924236449,False,True,BTC,2025-09
3664798219,108332.35,0.00016,1756684924469306,False,True,BTC,2025-09
3664798220,108332.35,0.00053,1756684924472531,False,True,BTC,2025-09
3664798221,108332.35,0.00021,1756684924647959,False,True,BTC,2025-09
3664798222,108332.35,0.00015,1756684924660716,False,True,BTC,2025-09
3664798223,108332.35,0.00053,1756684924663260,False,True,BTC,2025-09
3664798224,108332.35,0.00011,1756684924669546,False,True,BTC,2025-09
3664798225,108332.35,0.00016,1756684925112011,False,True,BTC,2025-09
3664798226,108332.35,0.00053,1756684925172302,False,True,BTC,2025-09
3664798227,108332.34,0.00069,1756684925187269,True,True,BTC,2025-09
3664798228,108332.34,0.00292,1756684925463518,True,True,BTC,2025-09
3664798229,108332.35,0.00018,1756684925673020,False,True,BTC,2025-09
3664798230,108332.35,0.00053,1756684925815402,False,True,BTC,2025-09
3664798231,108332.35,0.00329,1756684925933227,False,True,BTC,2025-09
3664798232,108332.35,0.00102,1756684926102349,False,True,BTC,2025-09
3664798233,108332.35,0.0004,1756684926528591,False,True,BTC,2025-09
3664798234,108332.35,0.0279,1756684926645882,False,True,BTC,2025-09
3664798235,108332.35,0.00105,1756684926812026,False,True,BTC,2025-09
3664798236,108332.35,0.00005,1756684926825429,False,True,BTC,2025-09
3664798237,108332.35,0.00014,1756684926947445,False,True,BTC,2025-09
3664798238,108332.35,0.00014,1756684927190708,False,True,BTC,2025-09
3664798239,108332.35,0.00011,1756684927216291,False,True,BTC,2025-09
3664798240,108332.35,0.00029,1756684927261291,False,True,BTC,2025-09
3664798241,108332.35,0.00942,1756684927455606,False,True,BTC,2025-09
3664798242,108332.35,0.00032,1756684927474636,False,True,BTC,2025-09
3664798243,108332.35,0.02231,1756684927505967,False,True,BTC,2025-09
3664798244,108332.35,0.00011,1756684927964250,False,True,BTC,2025-09
3664798245,108332.35,0.0002,1756684927969503,False,True,BTC,2025-09
3664798246,108332.35,0.00015,1756684927996833,False,True,BTC,2025-09
3664798247,108332.34,0.0035,1756684928190478,True,True,BTC,2025-09
3664798248,108332.34,0.00069,1756684928320420,True,True,BTC,2025-09
3664798249,108332.34,0.31205,1756684928356017,True,True,BTC,2025-09
3664798250,108332.33,0.0003,1756684928356017,True,True,BTC,2025-09
3664798251,108332.01,0.00005,1756684928356017,True,True,BTC,2025-09
3664798252,108332,0.00025,1756684928359272,True,True,BTC,2025-09
3664798253,108331.99,0.00015,1756684928359272,True,True,BTC,2025-09
3664798254,108331.59,0.00012,1756684928359594,True,True,BTC,2025-09
3664798255,108331.59,0.00077,1756684928360826,True,True,BTC,2025-09
3664798256,108331.59,0.00479,1756684928361517,True,True,BTC,2025-09
3664798257,108331.59,0.05588,1756684928361943,True,True,BTC,2025-09
3664798258,108330.51,0.00005,1756684928363319,True,True,BTC,2025-09
3664798259,108330.5,0.06315,1756684928363319,True,True,BTC,2025-09
3664798260,108330.28,0.00005,1756684928363319,True,True,BTC,2025-09
3664798261,108330.01,0.00005,1756684928363319,True,True,BTC,2025-09
3664798262,108330,0.00005,1756684928363319,True,True,BTC,2025-09
3664798263,108329.84,0.00005,1756684928363319,True,True,BTC,2025-09
3664798264,108329.83,0.00005,1756684928363319,True,True,BTC,2025-09
3664798265,108329.82,0.00035,1756684928371254,True,True,BTC,2025-09
3664798266,108329.81,0.0001,1756684928371254,True,True,BTC,2025-09
3664798267,108329.22,0.00005,1756684928371254,True,True,BTC,2025-09
3664798268,108329.21,0.04648,1756684928371254,True,True,BTC,2025-09
3664798269,108328.01,0.00005,1756684928371254,True,True,BTC,2025-09
3664798270,108328,0.0001,1756684928371254,True,True,BTC,2025-09
3664798271,108327.41,0.00045,1756684928380212,True,True,BTC,2025-09
3664798272,108327.4,0.00005,1756684928380212,True,True,BTC,2025-09
3664798273,108327.4,0.00035,1756684928387006,True,True,BTC,2025-09
3664798274,108327.39,0.00035,1756684928387006,True,True,BTC,2025-09
3664798275,108327.3,0.00164,1756684928387006,True,True,BTC,2025-09
3664798276,108327.3,0.00034,1756684928387078,True,True,BTC,2025-09
3664798277,108325.4,0.002,1756684928387078,True,True,BTC,2025-09
3664798278,108325.4,0.00234,1756684928387240,True,True,BTC,2025-09
3664798279,108325.4,0.00234,1756684928387328,True,True,BTC,2025-09
3664798280,108325.4,0.0005,1756684928395856,True,True,BTC,2025-09
3664798281,108325.39,0.00035,1756684928395856,True,True,BTC,2025-09
3664798282,108324.83,0.00015,1756684928395856,True,True,BTC,2025-09
3664798283,108324.82,0.00005,1756684928395856,True,True,BTC,2025-09
3664798284,108324.43,0.00005,1756684928395856,True,True,BTC,2025-09
3664798285,108324.07,0.00015,1756684928399267,True,True,BTC,2025-09
3664798286,108324.06,0.00055,1756684928399267,True,True,BTC,2025-09
3664798287,108324.05,0.00005,1756684928399267,True,True,BTC,2025-09
3664798288,108324,0.00005,1756684928399802,True,True,BTC,2025-09
3664798289,108323.97,0.00044,1756684928399802,True,True,BTC,2025-09
3664798290,108323.97,0.00164,1756684928401047,True,True,BTC,2025-09
3664798291,108323.97,0.00437,1756684928402150,True,True,BTC,2025-09
3664798292,108322.27,0.0007,1756684928408988,True,True,BTC,2025-09
3664798293,108322.28,0.00045,1756684928664183,False,True,BTC,2025-09
3664798294,108322.28,0.00014,1756684928667746,False,True,BTC,2025-09
3664798295,108322.27,0.08466,1756684928669974,True,True,BTC,2025-09
3664798296,108322.28,0.00053,1756684928672415,False,True,BTC,2025-09
3664798297,108322.28,0.00109,1756684928767611,False,True,BTC,2025-09
3664798298,108322.28,0.00011,1756684928807258,False,True,BTC,2025-09
3664798299,108322.28,0.00027,1756684928889051,False,True,BTC,2025-09
3664798300,108322.28,0.00032,1756684929167246,False,True,BTC,2025-09
3664798301,108322.28,0.00006,1756684929188219,False,True,BTC,2025-09
3664798302,108322.28,0.00016,1756684929211985,False,True,BTC,2025-09
3664798303,108322.28,0.00021,1756684929446571,False,True,BTC,2025-09
3664798304,108322.27,0.00308,1756684929460781,True,True,BTC,2025-09
3664798305,108322.27,0.00431,1756684929509023,True,True,BTC,2025-09
3664798306,108322.26,0.00085,1756684929509023,True,True,BTC,2025-09
3664798307,108322.15,0.00204,1756684929509023,True,True,BTC,2025-09
3664798308,108321.99,0.00019,1756684929509023,True,True,BTC,2025-09
3664798309,108321.56,0.0001,1756684929509023,True,True,BTC,2025-09
3664798310,108321.56,0.00005,1756684929509023,True,True,BTC,2025-09
3664798311,108321.55,0.0007,1756684929511890,True,True,BTC,2025-09
3664798312,108321.54,0.0003,1756684929511890,True,True,BTC,2025-09
3664798313,108320.56,0.00015,1756684929511890,True,True,BTC,2025-09
3664798314,108320.55,0.00025,1756684929513598,True,True,BTC,2025-09
3664798315,108320.54,0.00027,1756684929520640,True,True,BTC,2025-09
3664798316,108320.54,0.00165,1756684929520664,True,True,BTC,2025-09
3664798317,108320.54,0.0742,1756684929522467,True,True,BTC,2025-09
3664798318,108320.54,0.21199,1756684929522870,True,True,BTC,2025-09
3664798319,108320.54,0.00125,1756684929524490,True,True,BTC,2025-09
3664798320,108320.53,0.00045,1756684929524490,True,True,BTC,2025-09
3664798321,108320.47,0.00015,1756684929524490,True,True,BTC,2025-09
